<?xml version="1.0" encoding="UTF-8"?>
<!DOCTYPE html PUBLIC "-//W3C//DTD XHTML 1.0 Transitional//EN"
    "http://www.w3.org/TR/xhtml1/DTD/xhtml1-transitional.dtd">
<html xmlns="http://www.w3.org/1999/xhtml" xml:lang="en" lang="en">
 <head>
  <title>
</title>
<meta http-equiv="Content-Type" content="text/html;charset=utf-8" />
  <meta name='ocr-system' content='tesseract 3.04.00' />
  <meta name='ocr-capabilities' content='ocr_page ocr_carea ocr_par ocr_line ocrx_word'/>
</head>
<body>
  <div class='ocr_page' id='page_1' title='image "./observationesin00eggigoog/observationesin00eggigoog_0049.png"; bbox 0 0 3360 5228; ppageno 0'>
   <div class='ocr_carea' id='block_1_1' title="bbox 814 553 854 616">
    <p class='ocr_par' dir='ltr' id='par_1_1' title="bbox 814 553 854 616">
     <span class='ocr_line' id='line_1_1' title="bbox 814 553 854 616; baseline -0.05 0"><span class='ocrx_word' id='word_1_1' title='bbox 814 553 854 616; x_wconf 79' lang='lat' dir='ltr'><strong>to</strong></span> 
     </span>
    </p>
   </div>
   <div class='ocr_carea' id='block_1_2' title="bbox 193 761 1402 2978">
    <p class='ocr_par' dir='ltr' id='par_1_2' title="bbox 193 761 1402 2978">
     <span class='ocr_line' id='line_1_2' title="bbox 279 761 1387 847; baseline 0 -22"><span class='ocrx_word' id='word_1_2' title='bbox 279 762 338 842; x_wconf 87' lang='lat' dir='ltr'><strong>(ita</strong></span> <span class='ocrx_word' id='word_1_3' title='bbox 369 763 475 844; x_wconf 88' lang='lat' dir='ltr'><strong>pergit</strong></span> <span class='ocrx_word' id='word_1_4' title='bbox 505 763 540 824; x_wconf 92' lang='lat' dir='ltr'><strong>in</strong></span> <span class='ocrx_word' id='word_1_5' title='bbox 571 763 641 824; x_wconf 89' lang='lat' dir='ltr'><strong>vita</strong></span> <span class='ocrx_word' id='word_1_6' title='bbox 664 762 802 847; x_wconf 82' lang='lat' dir='ltr'><strong>Solonis)</strong></span> <span class='ocrx_word' id='word_1_7' title='bbox 827 764 914 826; x_wconf 90' lang='lat' dir='ltr'><strong>inter</strong></span> <span class='ocrx_word' id='word_1_8' title='bbox 937 783 1017 846; x_wconf 88' lang='lat' dir='ltr'><strong>quos</strong></span> <span class='ocrx_word' id='word_1_9' title='bbox 1040 761 1225 827; x_wconf 81' lang='lat' dir='ltr'><strong>Androtion</strong></span> <span class='ocrx_word' id='word_1_10' title='bbox 1249 768 1306 841; x_wconf 87' lang='lat' dir='ltr'><strong>est,</strong></span> <span class='ocrx_word' id='word_1_11' title='bbox 1330 785 1387 825; x_wconf 79' lang='grc' dir='ltr'><em>σει·</em></span> 
     </span>
     <span class='ocr_line' id='line_1_3' title="bbox 278 885 1388 968; baseline 0.002 -18"><span class='ocrx_word' id='word_1_12' title='bbox 278 885 422 965; x_wconf 65' lang='grc' dir='ltr'><em>σοὶχθειαν</em></span> <span class='ocrx_word' id='word_1_13' title='bbox 453 908 520 951; x_wconf 90' lang='lat' dir='ltr'><strong>nou</strong></span> <span class='ocrx_word' id='word_1_14' title='bbox 551 908 653 952; x_wconf 87' lang='lat' dir='ltr'><strong>novas</strong></span> <span class='ocrx_word' id='word_1_15' title='bbox 684 890 823 968; x_wconf 88' lang='lat' dir='ltr'><strong>tabulas,</strong></span> <span class='ocrx_word' id='word_1_16' title='bbox 847 891 1102 960; x_wconf 87' lang='lat' dir='ltr'><strong>sedusurorum</strong></span> <span class='ocrx_word' id='word_1_17' title='bbox 1129 889 1388 953; x_wconf 81' lang='lat' dir='ltr'>moderationem</span> 
     </span>
     <span class='ocr_line' id='line_1_4' title="bbox 279 1015 1390 1102; baseline 0.002 -26"><span class='ocrx_word' id='word_1_18' title='bbox 279 1015 377 1077; x_wconf 86' lang='lat' dir='ltr'><strong>fuisse</strong></span> <span class='ocrx_word' id='word_1_19' title='bbox 407 1015 571 1096; x_wconf 91' lang='lat' dir='ltr'><strong>simulque</strong></span> <span class='ocrx_word' id='word_1_20' title='bbox 603 1035 771 1078; x_wconf 81' lang='lat' dir='ltr'><strong>mensuras</strong></span> <span class='ocrx_word' id='word_1_21' title='bbox 799 1020 830 1079; x_wconf 90' lang='lat' dir='ltr'><strong>et</strong></span> <span class='ocrx_word' id='word_1_22' title='bbox 853 1019 1011 1099; x_wconf 90' lang='lat' dir='ltr'><strong>pecuniae</strong></span> <span class='ocrx_word' id='word_1_23' title='bbox 1033 1017 1177 1102; x_wconf 87' lang='lat' dir='ltr'><strong>pretium</strong></span> <span class='ocrx_word' id='word_1_24' title='bbox 1203 1022 1300 1078; x_wconf 88' lang='lat' dir='ltr'><strong>aucta</strong></span> <span class='ocrx_word' id='word_1_25' title='bbox 1322 1033 1390 1078; x_wconf 86' lang='lat' dir='ltr'><strong>esse</strong></span> 
     </span>
     <span class='ocr_line' id='line_1_5' title="bbox 279 1113 1390 1223; baseline -0.003 -20"><span class='ocrx_word' id='word_1_26' title='bbox 279 1140 424 1204; x_wconf 90' lang='lat' dir='ltr'><strong>tradunt.</strong></span> <span class='ocrx_word' id='word_1_27' title='bbox 460 1139 556 1204; x_wconf 86' lang='lat' dir='ltr'><strong>Solon</strong></span> <span class='ocrx_word' id='word_1_28' title='bbox 588 1142 677 1204; x_wconf 91' lang='lat' dir='ltr'><strong>enim</strong></span> <span class='ocrx_word' id='word_1_29' title='bbox 710 1143 846 1219; x_wconf 89' lang='lat' dir='ltr'><strong>minam,</strong></span> <span class='ocrx_word' id='word_1_30' title='bbox 877 1161 962 1223; x_wconf 90' lang='lat' dir='ltr'><strong>quae</strong></span> <span class='ocrx_word' id='word_1_31' title='bbox 993 1113 1093 1205; x_wconf 85' lang='lat' dir='ltr'><strong>antea</strong></span> <span class='ocrx_word' id='word_1_32' title='bbox 1125 1140 1334 1223; x_wconf 81' lang='lat' dir='ltr'><strong>septuaginta</strong></span> <span class='ocrx_word' id='word_1_33' title='bbox 1356 1133 1390 1202; x_wconf 92' lang='lat' dir='ltr'><strong>et</strong></span> 
     </span>
     <span class='ocr_line' id='line_1_6' title="bbox 281 1265 1389 1348; baseline 0 -20"><span class='ocrx_word' id='word_1_34' title='bbox 281 1267 383 1328; x_wconf 89' lang='lat' dir='ltr'><strong>trium</strong></span> <span class='ocrx_word' id='word_1_35' title='bbox 415 1265 532 1343; x_wconf 83' lang='lat' dir='ltr'><strong>luerat,</strong></span> <span class='ocrx_word' id='word_1_36' title='bbox 564 1270 695 1330; x_wconf 89' lang='lat' dir='ltr'><strong>centum</strong></span> <span class='ocrx_word' id='word_1_37' title='bbox 728 1267 960 1330; x_wconf 77' lang='lat' dir='ltr'><strong>drachmarum</strong></span> <span class='ocrx_word' id='word_1_38' title='bbox 990 1267 1075 1331; x_wconf 83' lang='lat' dir='ltr'><strong>feeit.</strong></span> <span class='ocrx_word' id='word_1_39' title='bbox 1100 1265 1255 1348; x_wconf 83' lang='lat' dir='ltr'><strong>Plerique</strong></span> <span class='ocrx_word' id='word_1_40' title='bbox 1277 1271 1389 1330; x_wconf 90' lang='lat' dir='ltr'><strong>autem</strong></span> 
     </span>
     <span class='ocr_line' id='line_1_7' title="bbox 280 1369 1388 1474; baseline 0 -21"><span class='ocrx_word' id='word_1_41' title='bbox 280 1391 432 1454; x_wconf 86' lang='lat' dir='ltr'><strong>Solonem</strong></span> <span class='ocrx_word' id='word_1_42' title='bbox 454 1410 565 1454; x_wconf 90' lang='lat' dir='ltr'><strong>ornnes</strong></span> <span class='ocrx_word' id='word_1_43' title='bbox 582 1369 788 1474; x_wconf 26' lang='lat' dir='ltr'><strong>&#39;syngraphas</strong></span> <span class='ocrx_word' id='word_1_44' title='bbox 804 1392 983 1458; x_wconf 83' lang='lat' dir='ltr'><strong>abolevisse</strong></span> <span class='ocrx_word' id='word_1_45' title='bbox 1002 1399 1147 1456; x_wconf 85' lang='lat' dir='ltr'><strong>censent.</strong></span> <span class='ocrx_word' id='word_1_46' title='bbox 1169 1392 1388 1456; x_wconf 90' lang='lat' dir='ltr'><strong>Nonnullain</strong></span> 
     </span>
     <span class='ocr_line' id='line_1_8' title="bbox 281 1515 1391 1598; baseline 0 -20"><span class='ocrx_word' id='word_1_47' title='bbox 281 1517 330 1578; x_wconf 90' lang='lat' dir='ltr'><strong>his</strong></span> <span class='ocrx_word' id='word_1_48' title='bbox 362 1521 449 1593; x_wconf 91' lang='lat' dir='ltr'><strong>sunt,</strong></span> <span class='ocrx_word' id='word_1_49' title='bbox 481 1536 566 1598; x_wconf 90' lang='lat' dir='ltr'><strong>quae</strong></span> <span class='ocrx_word' id='word_1_50' title='bbox 597 1517 708 1580; x_wconf 93' lang='lat' dir='ltr'><strong>minus</strong></span> <span class='ocrx_word' id='word_1_51' title='bbox 730 1524 816 1582; x_wconf 85' lang='lat' dir='ltr'><strong>reete</strong></span> <span class='ocrx_word' id='word_1_52' title='bbox 840 1537 860 1580; x_wconf 92' lang='lat' dir='ltr'><strong>a</strong></span> <span class='ocrx_word' id='word_1_53' title='bbox 883 1515 1058 1582; x_wconf 84' lang='lat' dir='ltr'><strong>Plutarcho</strong></span> <span class='ocrx_word' id='word_1_54' title='bbox 1083 1517 1230 1598; x_wconf 88' lang='lat' dir='ltr'><strong>exposita</strong></span> <span class='ocrx_word' id='word_1_55' title='bbox 1253 1536 1320 1579; x_wconf 91' lang='lat' dir='ltr'><strong>esse</strong></span> <span class='ocrx_word' id='word_1_56' title='bbox 1344 1515 1391 1578; x_wconf 88' lang='lat' dir='ltr'><strong>vi-</strong></span> 
     </span>
     <span class='ocr_line' id='line_1_9' title="bbox 279 1641 1392 1725; baseline 0.001 -22"><span class='ocrx_word' id='word_1_57' title='bbox 279 1641 428 1705; x_wconf 87' lang='lat' dir='ltr'><strong>deantur.</strong></span> <span class='ocrx_word' id='word_1_58' title='bbox 454 1642 636 1706; x_wconf 85' lang='lat' dir='ltr'><strong>Boeokhius</strong></span> <span class='ocrx_word' id='word_1_59' title='bbox 657 1643 782 1724; x_wconf 89' lang='lat' dir='ltr'><strong>primus</strong></span> <span class='ocrx_word' id='word_1_60' title='bbox 807 1644 890 1706; x_wconf 92' lang='lat' dir='ltr'><strong>vidit</strong></span> <span class='ocrx_word' id='word_1_61' title='bbox 914 1644 1078 1725; x_wconf 91' lang='lat' dir='ltr'><strong>quomodo</strong></span> <span class='ocrx_word' id='word_1_62' title='bbox 1102 1641 1271 1706; x_wconf 81' lang='lat' dir='ltr'><strong>Plutarchi</strong></span> <span class='ocrx_word' id='word_1_63' title='bbox 1291 1641 1392 1704; x_wconf 86' lang='lat' dir='ltr'><strong>verba</strong></span> 
     </span>
     <span class='ocr_line' id='line_1_10' title="bbox 193 1755 1402 1849; baseline 0 -21"><span class='ocrx_word' id='word_1_64' title='bbox 193 1755 194 1758; x_wconf 27' lang='lat'>¹</span> <span class='ocrx_word' id='word_1_65' title='bbox 280 1766 472 1849; x_wconf 88' lang='lat' dir='ltr'><strong>accipienda</strong></span> <span class='ocrx_word' id='word_1_66' title='bbox 495 1767 571 1843; x_wconf 89' lang='lat' dir='ltr'><strong>sint,</strong></span> <span class='ocrx_word' id='word_1_67' title='bbox 596 1768 633 1830; x_wconf 84' lang='lat' dir='ltr'><strong>cl.</strong></span> <span class='ocrx_word' id='word_1_68' title='bbox 658 1787 769 1832; x_wconf 87' lang='lat' dir='ltr'><strong>oecon.</strong></span> <span class='ocrx_word' id='word_1_69' title='bbox 793 1769 856 1831; x_wconf 88' lang='lat' dir='ltr'><strong>civ.</strong></span> <span class='ocrx_word' id='word_1_70' title='bbox 881 1767 1001 1831; x_wconf 87' lang='lat' dir='ltr'><strong>Athen.</strong></span> <span class='ocrx_word' id='word_1_71' title='bbox 1021 1768 1064 1846; x_wconf 88' lang='lat' dir='ltr'><strong>II,</strong></span> <span class='ocrx_word' id='word_1_72' title='bbox 1085 1786 1115 1849; x_wconf 92' lang='lat' dir='ltr'><strong>p.</strong></span> <span class='ocrx_word' id='word_1_73' title='bbox 1137 1767 1200 1829; x_wconf 80' lang='lat'><strong>362</strong></span> <span class='ocrx_word' id='word_1_74' title='bbox 1221 1772 1253 1830; x_wconf 92' lang='lat' dir='ltr'><strong>et</strong></span> <span class='ocrx_word' id='word_1_75' title='bbox 1266 1770 1402 1848; x_wconf 78' lang='lat' dir='ltr'><strong>quaest.</strong></span> 
     </span>
     <span class='ocr_line' id='line_1_11' title="bbox 282 1890 1391 1975; baseline -0.002 -21"><span class='ocrx_word' id='word_1_76' title='bbox 282 1893 410 1956; x_wconf 90' lang='lat' dir='ltr'><strong>metrol.</strong></span> <span class='ocrx_word' id='word_1_77' title='bbox 440 1913 471 1975; x_wconf 92' lang='lat' dir='ltr'><strong>p.</strong></span> <span class='ocrx_word' id='word_1_78' title='bbox 505 1893 576 1957; x_wconf 72' lang='lat'><strong>114.</strong></span> <span class='ocrx_word' id='word_1_79' title='bbox 601 1890 695 1972; x_wconf 74' lang='lat' dir='ltr'><strong>Quod</strong></span> <span class='ocrx_word' id='word_1_80' title='bbox 718 1892 916 1957; x_wconf 84' lang='lat' dir='ltr'><strong>Plutarchus</strong></span> <span class='ocrx_word' id='word_1_81' title='bbox 938 1894 1050 1957; x_wconf 84' lang='lat' dir='ltr'><strong>scribit</strong></span> <span class='ocrx_word' id='word_1_82' title='bbox 1073 1893 1226 1956; x_wconf 87' lang='lat' dir='ltr'><strong>Solonem</strong></span> <span class='ocrx_word' id='word_1_83' title='bbox 1253 1891 1391 1967; x_wconf 90' lang='lat' dir='ltr'><strong>minam,</strong></span> 
     </span>
     <span class='ocr_line' id='line_1_12' title="bbox 284 2016 1393 2100; baseline -0.003 -20"><span class='ocrx_word' id='word_1_84' title='bbox 284 2037 370 2098; x_wconf 87' lang='lat' dir='ltr'><strong>quae</strong></span> <span class='ocrx_word' id='word_1_85' title='bbox 396 2035 498 2098; x_wconf 89' lang='lat' dir='ltr'><strong>usque</strong></span> <span class='ocrx_word' id='word_1_86' title='bbox 521 2017 562 2079; x_wconf 93' lang='lat' dir='ltr'><strong>ad</strong></span> <span class='ocrx_word' id='word_1_87' title='bbox 585 2018 617 2079; x_wconf 96' lang='lat' dir='ltr'><strong>id</strong></span> <span class='ocrx_word' id='word_1_88' title='bbox 639 2027 766 2100; x_wconf 87' lang='lat' dir='ltr'><strong>tempus</strong></span> <span class='ocrx_word' id='word_1_89' title='bbox 786 2018 992 2099; x_wconf 86' lang='lat' dir='ltr'><strong>septuaginta</strong></span> <span class='ocrx_word' id='word_1_90' title='bbox 1004 2017 1109 2081; x_wconf 87' lang='lat' dir='ltr'><strong>tribus</strong></span> <span class='ocrx_word' id='word_1_91' title='bbox 1122 2017 1287 2080; x_wconf 87' lang='lat' dir='ltr'><strong>drachmis</strong></span> <span class='ocrx_word' id='word_1_92' title='bbox 1299 2016 1393 2079; x_wconf 89' lang='lat' dir='ltr'><strong>aesti-</strong></span> 
     </span>
     <span class='ocr_line' id='line_1_13' title="bbox 287 2142 1391 2224; baseline 0 -18"><span class='ocrx_word' id='word_1_93' title='bbox 287 2148 443 2220; x_wconf 82' lang='lat' dir='ltr'><strong>meretur,</strong></span> <span class='ocrx_word' id='word_1_94' title='bbox 478 2143 513 2205; x_wconf 93' lang='lat' dir='ltr'><strong>in</strong></span> <span class='ocrx_word' id='word_1_95' title='bbox 547 2151 712 2224; x_wconf 90' lang='lat' dir='ltr'><strong>posterum</strong></span> <span class='ocrx_word' id='word_1_96' title='bbox 743 2151 780 2206; x_wconf 88' lang='lat' dir='ltr'><strong>ut</strong></span> <span class='ocrx_word' id='word_1_97' title='bbox 810 2149 939 2206; x_wconf 87' lang='lat' dir='ltr'><strong>centurn</strong></span> <span class='ocrx_word' id='word_1_98' title='bbox 975 2142 1100 2206; x_wconf 89' lang='lat' dir='ltr'><strong>valeret</strong></span> <span class='ocrx_word' id='word_1_99' title='bbox 1131 2143 1252 2220; x_wconf 88' lang='lat' dir='ltr'><strong>fecisse,</strong></span> <span class='ocrx_word' id='word_1_100' title='bbox 1276 2162 1391 2206; x_wconf 89' lang='lat' dir='ltr'><strong>verum</strong></span> 
     </span>
     <span class='ocr_line' id='line_1_14' title="bbox 286 2254 1392 2350; baseline -0.001 -19"><span class='ocrx_word' id='word_1_101' title='bbox 286 2287 353 2331; x_wconf 88' lang='lat' dir='ltr'><strong>esse</strong></span> <span class='ocrx_word' id='word_1_102' title='bbox 387 2287 453 2331; x_wconf 94' lang='lat' dir='ltr'><strong>non</strong></span> <span class='ocrx_word' id='word_1_103' title='bbox 487 2273 602 2348; x_wconf 88' lang='lat' dir='ltr'><strong>potest.</strong></span> <span class='ocrx_word' id='word_1_104' title='bbox 631 2268 702 2332; x_wconf 88' lang='lat' dir='ltr'><strong>Hoc</strong></span> <span class='ocrx_word' id='word_1_105' title='bbox 734 2269 829 2332; x_wconf 92' lang='lat' dir='ltr'><strong>modo</strong></span> <span class='ocrx_word' id='word_1_106' title='bbox 858 2269 947 2332; x_wconf 90' lang='lat' dir='ltr'><strong>enim</strong></span> <span class='ocrx_word' id='word_1_107' title='bbox 980 2269 1005 2330; x_wconf 93' lang='lat' dir='ltr'><strong>ii</strong></span> <span class='ocrx_word' id='word_1_108' title='bbox 1037 2254 1177 2346; x_wconf 83' lang='lat' dir='ltr'><strong>tantum,</strong></span> <span class='ocrx_word' id='word_1_109' title='bbox 1201 2266 1259 2350; x_wconf 91' lang='lat' dir='ltr'><strong>qui</strong></span> <span class='ocrx_word' id='word_1_110' title='bbox 1284 2268 1392 2330; x_wconf 89' lang='lat' dir='ltr'><strong>minus</strong></span> 
     </span>
     <span class='ocr_line' id='line_1_15' title="bbox 285 2392 1394 2475; baseline 0 -20"><span class='ocrx_word' id='word_1_111' title='bbox 285 2413 379 2475; x_wconf 82' lang='lat' dir='ltr'><strong>quam</strong></span> <span class='ocrx_word' id='word_1_112' title='bbox 405 2392 530 2454; x_wconf 90' lang='lat' dir='ltr'><strong>minam</strong></span> <span class='ocrx_word' id='word_1_113' title='bbox 556 2393 720 2470; x_wconf 91' lang='lat' dir='ltr'><strong>deberent,</strong></span> <span class='ocrx_word' id='word_1_114' title='bbox 743 2393 963 2474; x_wconf 83' lang='lat' dir='ltr'><strong>profecissent,</strong></span> <span class='ocrx_word' id='word_1_115' title='bbox 988 2412 1092 2474; x_wconf 92' lang='lat' dir='ltr'><strong>quum</strong></span> <span class='ocrx_word' id='word_1_116' title='bbox 1116 2393 1259 2474; x_wconf 87' lang='lat' dir='ltr'><strong>pretium</strong></span> <span class='ocrx_word' id='word_1_117' title='bbox 1283 2393 1394 2456; x_wconf 90' lang='lat' dir='ltr'><strong>minae</strong></span> 
     </span>
     <span class='ocr_line' id='line_1_16' title="bbox 282 2517 1394 2600; baseline -0.002 -19"><span class='ocrx_word' id='word_1_118' title='bbox 282 2538 347 2581; x_wconf 90' lang='lat' dir='ltr'><strong>non</strong></span> <span class='ocrx_word' id='word_1_119' title='bbox 374 2518 589 2580; x_wconf 88' lang='lat' dir='ltr'><strong>minueretur.</strong></span> <span class='ocrx_word' id='word_1_120' title='bbox 614 2517 718 2600; x_wconf 86' lang='lat' dir='ltr'><strong>Igitur</strong></span> <span class='ocrx_word' id='word_1_121' title='bbox 740 2518 787 2580; x_wconf 89' lang='lat' dir='ltr'><strong>ita</strong></span> <span class='ocrx_word' id='word_1_122' title='bbox 807 2518 1032 2600; x_wconf 86' lang='lat' dir='ltr'><strong>accipiendum</strong></span> <span class='ocrx_word' id='word_1_123' title='bbox 1053 2520 1116 2581; x_wconf 91' lang='lat' dir='ltr'><strong>erit</strong></span> <span class='ocrx_word' id='word_1_124' title='bbox 1136 2518 1287 2590; x_wconf 87' lang='lat' dir='ltr'><strong>Solonem</strong></span> <span class='ocrx_word' id='word_1_125' title='bbox 1301 2518 1394 2580; x_wconf 94' lang='lat' dir='ltr'><strong>insti·</strong></span> 
     </span>
     <span class='ocr_line' id='line_1_17' title="bbox 282 2645 1391 2737; baseline -0.002 -30"><span class='ocrx_word' id='word_1_126' title='bbox 282 2645 380 2708; x_wconf 88' lang='lat' dir='ltr'><strong>tuisse</strong></span> <span class='ocrx_word' id='word_1_127' title='bbox 405 2648 449 2722; x_wconf 91' lang='lat' dir='ltr'><strong>ut,</strong></span> <span class='ocrx_word' id='word_1_128' title='bbox 474 2664 558 2726; x_wconf 86' lang='lat' dir='ltr'><strong>quae</strong></span> <span class='ocrx_word' id='word_1_129' title='bbox 581 2645 912 2734; x_wconf 84' lang='lat' dir='ltr'><strong>anteaseptuaginta</strong></span> <span class='ocrx_word' id='word_1_130' title='bbox 935 2650 967 2708; x_wconf 90' lang='lat' dir='ltr'><strong>et</strong></span> <span class='ocrx_word' id='word_1_131' title='bbox 990 2650 1054 2708; x_wconf 90' lang='lat' dir='ltr'><strong>tres</strong></span> <span class='ocrx_word' id='word_1_132' title='bbox 1077 2645 1252 2708; x_wconf 84' lang='lat' dir='ltr'><strong>drachmae</strong></span> <span class='ocrx_word' id='word_1_133' title='bbox 1276 2647 1391 2737; x_wconf 91' lang='lat' dir='ltr'><strong>essent,</strong></span> 
     </span>
     <span class='ocr_line' id='line_1_18' title="bbox 283 2769 1394 2852; baseline 0.002 -21"><span class='ocrx_word' id='word_1_134' title='bbox 283 2789 371 2832; x_wconf 90' lang='lat' dir='ltr'><strong>nuno</strong></span> <span class='ocrx_word' id='word_1_135' title='bbox 403 2769 528 2832; x_wconf 86' lang='lat' dir='ltr'><strong>minam</strong></span> <span class='ocrx_word' id='word_1_136' title='bbox 562 2771 631 2833; x_wconf 91' lang='lat' dir='ltr'><strong>sive</strong></span> <span class='ocrx_word' id='word_1_137' title='bbox 662 2773 794 2834; x_wconf 85' lang='lat' dir='ltr'><strong>eentum</strong></span> <span class='ocrx_word' id='word_1_138' title='bbox 828 2770 1000 2833; x_wconf 86' lang='lat' dir='ltr'><strong>drachmas</strong></span> <span class='ocrx_word' id='word_1_139' title='bbox 1036 2769 1195 2847; x_wconf 89' lang='lat' dir='ltr'><strong>valerent,</strong></span> <span class='ocrx_word' id='word_1_140' title='bbox 1218 2789 1283 2852; x_wconf 89' lang='lat' dir='ltr'><strong>quo</strong></span> <span class='ocrx_word' id='word_1_141' title='bbox 1309 2770 1394 2833; x_wconf 85' lang='lat' dir='ltr'><strong>facto</strong></span> 
     </span>
     <span class='ocr_line' id='line_1_19' title="bbox 282 2867 1395 2978; baseline 0.001 -22"><span class='ocrx_word' id='word_1_142' title='bbox 282 2894 338 2976; x_wconf 88' lang='lat' dir='ltr'><strong>qui</strong></span> <span class='ocrx_word' id='word_1_143' title='bbox 374 2913 428 2958; x_wconf 88' lang='lat' dir='ltr'><strong>aes</strong></span> <span class='ocrx_word' id='word_1_144' title='bbox 464 2867 609 2957; x_wconf 89' lang='lat' dir='ltr'><strong>alienum</strong></span> <span class='ocrx_word' id='word_1_145' title='bbox 646 2895 895 2972; x_wconf 83' lang='lat' dir='ltr'><strong>contraxissent,</strong></span> <span class='ocrx_word' id='word_1_146' title='bbox 921 2895 956 2956; x_wconf 92' lang='lat' dir='ltr'><strong>in</strong></span> <span class='ocrx_word' id='word_1_147' title='bbox 988 2896 1151 2958; x_wconf 91' lang='lat' dir='ltr'><strong>solvendis</strong></span> <span class='ocrx_word' id='word_1_148' title='bbox 1181 2876 1298 2959; x_wconf 85' lang='lat' dir='ltr'><strong>debitis</strong></span> <span class='ocrx_word' id='word_1_149' title='bbox 1322 2895 1395 2978; x_wconf 91' lang='lat' dir='ltr'><strong>plus</strong></span> 
     </span>
    </p>
   </div>
   <div class='ocr_carea' id='block_1_3' title="bbox 282 3018 1396 3102">
    <p class='ocr_par' dir='ltr' id='par_1_3' title="bbox 282 3018 1396 3102">
     <span class='ocr_line' id='line_1_20' title="bbox 282 3018 1396 3102; baseline 0.001 -21"><span class='ocrx_word' id='word_1_150' title='bbox 282 3038 384 3101; x_wconf 87' lang='lat' dir='ltr'><strong>quam</strong></span> <span class='ocrx_word' id='word_1_151' title='bbox 408 3025 559 3101; x_wconf 88' lang='lat' dir='ltr'><strong>quartam</strong></span> <span class='ocrx_word' id='word_1_152' title='bbox 584 3025 710 3102; x_wconf 88' lang='lat' dir='ltr'><strong>partem</strong></span> <span class='ocrx_word' id='word_1_153' title='bbox 736 3021 952 3083; x_wconf 87' lang='lat' dir='ltr'><strong>lucrarentur.</strong></span> <span class='ocrx_word' id='word_1_154' title='bbox 977 3018 1046 3083; x_wconf 82' lang='lat' dir='ltr'><strong>Cur</strong></span> <span class='ocrx_word' id='word_1_155' title='bbox 1068 3020 1171 3089; x_wconf 82' lang='lat' dir='ltr'><strong>Solon</strong></span> <span class='ocrx_word' id='word_1_156' title='bbox 1191 3021 1274 3083; x_wconf 90' lang='lat' dir='ltr'><strong>hane</strong></span> <span class='ocrx_word' id='word_1_157' title='bbox 1297 3020 1396 3102; x_wconf 83' lang='lat' dir='ltr'><strong>potis-</strong></span> 
     </span>
    </p>
   </div>
   <div class='ocr_carea' id='block_1_4' title="bbox 283 3141 1399 4229">
    <p class='ocr_par' dir='ltr' id='par_1_4' title="bbox 283 3141 1399 4229">
     <span class='ocr_line' id='line_1_21' title="bbox 283 3141 1395 3227; baseline 0.003 -22"><span class='ocrx_word' id='word_1_158' title='bbox 283 3144 406 3206; x_wconf 89' lang='lat' dir='ltr'><strong>simum</strong></span> <span class='ocrx_word' id='word_1_159' title='bbox 431 3141 634 3207; x_wconf 87' lang='lat' dir='ltr'><strong>constituerit</strong></span> <span class='ocrx_word' id='word_1_160' title='bbox 657 3144 820 3208; x_wconf 91' lang='lat' dir='ltr'><strong>rationem</strong></span> <span class='ocrx_word' id='word_1_161' title='bbox 845 3145 963 3207; x_wconf 89' lang='lat' dir='ltr'><strong>veteris</strong></span> <span class='ocrx_word' id='word_1_162' title='bbox 985 3153 1085 3227; x_wconf 89' lang='lat' dir='ltr'><strong>atque</strong></span> <span class='ocrx_word' id='word_1_163' title='bbox 1105 3163 1211 3208; x_wconf 88' lang='lat' dir='ltr'><strong>novae</strong></span> <span class='ocrx_word' id='word_1_164' title='bbox 1233 3150 1395 3222; x_wconf 85' lang='lat' dir='ltr'><strong>monetae,</strong></span> 
     </span>
     <span class='ocr_line' id='line_1_22' title="bbox 284 3270 1398 3352; baseline -0.001 -19"><span class='ocrx_word' id='word_1_165' title='bbox 284 3291 351 3334; x_wconf 90' lang='lat' dir='ltr'><strong>non</strong></span> <span class='ocrx_word' id='word_1_166' title='bbox 376 3270 506 3334; x_wconf 87' lang='lat' dir='ltr'><strong>difficile</strong></span> <span class='ocrx_word' id='word_1_167' title='bbox 530 3279 579 3333; x_wconf 89' lang='lat' dir='ltr'><strong>est</strong></span> <span class='ocrx_word' id='word_1_168' title='bbox 601 3271 779 3352; x_wconf 86' lang='lat' dir='ltr'><strong>explicatu.</strong></span> <span class='ocrx_word' id='word_1_169' title='bbox 803 3270 898 3334; x_wconf 88' lang='lat' dir='ltr'><strong>Nova</strong></span> <span class='ocrx_word' id='word_1_170' title='bbox 921 3271 1011 3333; x_wconf 93' lang='lat' dir='ltr'><strong>enim</strong></span> <span class='ocrx_word' id='word_1_171' title='bbox 1036 3271 1146 3333; x_wconf 86' lang='lat' dir='ltr'><strong>unitas</strong></span> <span class='ocrx_word' id='word_1_172' title='bbox 1165 3271 1293 3352; x_wconf 84' lang='lat' dir='ltr'><strong>argenti</strong></span> <span class='ocrx_word' id='word_1_173' title='bbox 1315 3271 1398 3352; x_wconf 87' lang='lat' dir='ltr'><strong>ejus·</strong></span> 
     </span>
     <span class='ocr_line' id='line_1_23' title="bbox 285 3394 1399 3477; baseline -0.003 -19"><span class='ocrx_word' id='word_1_174' title='bbox 285 3395 358 3458; x_wconf 89' lang='lat' dir='ltr'><strong>dem</strong></span> <span class='ocrx_word' id='word_1_175' title='bbox 390 3394 456 3458; x_wconf 83' lang='lat' dir='ltr'><strong>fere</strong></span> <span class='ocrx_word' id='word_1_176' title='bbox 479 3394 630 3477; x_wconf 91' lang='lat' dir='ltr'><strong>ponderis</strong></span> <span class='ocrx_word' id='word_1_177' title='bbox 654 3402 725 3458; x_wconf 91' lang='lat' dir='ltr'><strong>erat</strong></span> <span class='ocrx_word' id='word_1_178' title='bbox 749 3399 847 3476; x_wconf 88' lang='lat' dir='ltr'><strong>atque</strong></span> <span class='ocrx_word' id='word_1_179' title='bbox 871 3395 980 3458; x_wconf 90' lang='lat' dir='ltr'><strong>unitas</strong></span> <span class='ocrx_word' id='word_1_180' title='bbox 1005 3394 1088 3472; x_wconf 88' lang='lat' dir='ltr'><strong>auri,</strong></span> <span class='ocrx_word' id='word_1_181' title='bbox 1113 3394 1201 3475; x_wconf 91' lang='lat' dir='ltr'><strong>quod</strong></span> <span class='ocrx_word' id='word_1_182' title='bbox 1225 3394 1399 3457; x_wconf 86' lang='lat' dir='ltr'><strong>confirma-</strong></span> 
     </span>
     <span class='ocr_line' id='line_1_24' title="bbox 284 3515 1398 3601; baseline -0.002 -18"><span class='ocrx_word' id='word_1_183' title='bbox 284 3525 339 3583; x_wconf 93' lang='lat' dir='ltr'><strong>tur</strong></span> <span class='ocrx_word' id='word_1_184' title='bbox 360 3515 508 3582; x_wconf 85' lang='lat' dir='ltr'><strong>nummis</strong></span> <span class='ocrx_word' id='word_1_185' title='bbox 532 3526 600 3583; x_wconf 90' lang='lat' dir='ltr'><strong>tum</strong></span> <span class='ocrx_word' id='word_1_186' title='bbox 626 3521 660 3583; x_wconf 92' lang='lat' dir='ltr'><strong>in</strong></span> <span class='ocrx_word' id='word_1_187' title='bbox 685 3519 823 3583; x_wconf 84' lang='lat' dir='ltr'><strong>Graecia</strong></span> <span class='ocrx_word' id='word_1_188' title='bbox 848 3525 916 3582; x_wconf 91' lang='lat' dir='ltr'><strong>tum</strong></span> <span class='ocrx_word' id='word_1_189' title='bbox 938 3520 974 3582; x_wconf 92' lang='lat' dir='ltr'><strong>in</strong></span> <span class='ocrx_word' id='word_1_190' title='bbox 994 3520 1073 3582; x_wconf 88' lang='lat' dir='ltr'><strong>Asia</strong></span> <span class='ocrx_word' id='word_1_191' title='bbox 1093 3519 1224 3582; x_wconf 87' lang='lat' dir='ltr'><strong>effossis.</strong></span> <span class='ocrx_word' id='word_1_192' title='bbox 1245 3518 1283 3582; x_wconf 93' lang='lat' dir='ltr'><strong>Id</strong></span> <span class='ocrx_word' id='word_1_193' title='bbox 1295 3519 1398 3601; x_wconf 86' lang='lat' dir='ltr'><strong>igitur</strong></span> 
     </span>
     <span class='ocr_line' id='line_1_25' title="bbox 284 3644 1398 3726; baseline 0.001 -20"><span class='ocrx_word' id='word_1_194' title='bbox 284 3645 359 3708; x_wconf 83' lang='lat' dir='ltr'><strong>fecit</strong></span> <span class='ocrx_word' id='word_1_195' title='bbox 382 3644 491 3722; x_wconf 87' lang='lat' dir='ltr'><strong>Solon,</strong></span> <span class='ocrx_word' id='word_1_196' title='bbox 516 3650 553 3708; x_wconf 90' lang='lat' dir='ltr'><strong>ut</strong></span> <span class='ocrx_word' id='word_1_197' title='bbox 576 3645 752 3708; x_wconf 88' lang='lat' dir='ltr'><strong>drachmae</strong></span> <span class='ocrx_word' id='word_1_198' title='bbox 773 3649 945 3725; x_wconf 87' lang='lat' dir='ltr'><strong>argenteae</strong></span> <span class='ocrx_word' id='word_1_199' title='bbox 967 3645 1093 3726; x_wconf 91' lang='lat' dir='ltr'><strong>pondus</strong></span> <span class='ocrx_word' id='word_1_200' title='bbox 1114 3644 1279 3707; x_wconf 87' lang='lat' dir='ltr'><strong>minueret</strong></span> <span class='ocrx_word' id='word_1_201' title='bbox 1302 3649 1334 3708; x_wconf 90' lang='lat' dir='ltr'><strong>et</strong></span> <span class='ocrx_word' id='word_1_202' title='bbox 1356 3645 1398 3707; x_wconf 89' lang='lat' dir='ltr'><strong>ad</strong></span> 
     </span>
     <span class='ocr_line' id='line_1_26' title="bbox 284 3766 1396 3853; baseline -0.003 -20"><span class='ocrx_word' id='word_1_203' title='bbox 284 3771 411 3853; x_wconf 91' lang='lat' dir='ltr'><strong>pondus</strong></span> <span class='ocrx_word' id='word_1_204' title='bbox 442 3789 654 3833; x_wconf 90' lang='lat' dir='ltr'><strong>nummorum</strong></span> <span class='ocrx_word' id='word_1_205' title='bbox 679 3788 853 3833; x_wconf 86' lang='lat' dir='ltr'><strong>aureorum</strong></span> <span class='ocrx_word' id='word_1_206' title='bbox 878 3769 1151 3832; x_wconf 85' lang='lat' dir='ltr'><strong>accommodaret.</strong></span> <span class='ocrx_word' id='word_1_207' title='bbox 1175 3766 1271 3848; x_wconf 76' lang='lat' dir='ltr'><strong>Quod</strong></span> <span class='ocrx_word' id='word_1_208' title='bbox 1295 3770 1396 3832; x_wconf 92' lang='lat' dir='ltr'><strong>etiam</strong></span> 
     </span>
     <span class='ocr_line' id='line_1_27' title="bbox 286 3894 1398 3978; baseline 0 -20"><span class='ocrx_word' id='word_1_209' title='bbox 286 3895 491 3959; x_wconf 85' lang='lat' dir='ltr'><strong>manifestius</strong></span> <span class='ocrx_word' id='word_1_210' title='bbox 514 3895 694 3977; x_wconf 88' lang='lat' dir='ltr'><strong>apparebit,</strong></span> <span class='ocrx_word' id='word_1_211' title='bbox 718 3895 745 3956; x_wconf 91' lang='lat' dir='ltr'><strong>si</strong></span> <span class='ocrx_word' id='word_1_212' title='bbox 770 3915 844 3978; x_wconf 88' lang='lat' dir='ltr'><strong>cum</strong></span> <span class='ocrx_word' id='word_1_213' title='bbox 870 3900 982 3959; x_wconf 89' lang='lat' dir='ltr'><strong>nostro</strong></span> <span class='ocrx_word' id='word_1_214' title='bbox 1006 3894 1076 3958; x_wconf 92' lang='lat' dir='ltr'><strong>loeo</strong></span> <span class='ocrx_word' id='word_1_215' title='bbox 1097 3895 1398 3976; x_wconf 88' lang='lat' dir='ltr'><strong>comparaverimus</strong></span> 
     </span>
     <span class='ocr_line' id='line_1_28' title="bbox 283 4007 1397 4102; baseline 0 -20"><span class='ocrx_word' id='word_1_216' title='bbox 283 4020 479 4102; x_wconf 89' lang='lat' dir='ltr'><strong>psephisma,</strong></span> <span class='ocrx_word' id='word_1_217' title='bbox 514 4020 600 4102; x_wconf 88' lang='lat' dir='ltr'><strong>quod</strong></span> <span class='ocrx_word' id='word_1_218' title='bbox 633 4021 804 4085; x_wconf 87' lang='lat' dir='ltr'><strong>invenitur</strong></span> <span class='ocrx_word' id='word_1_219' title='bbox 833 4021 869 4081; x_wconf 93' lang='lat' dir='ltr'><strong>in</strong></span> <span class='ocrx_word' id='word_1_220' title='bbox 902 4017 998 4101; x_wconf 85' lang='lat' dir='ltr'><strong>Corp.</strong></span> <span class='ocrx_word' id='word_1_221' title='bbox 1028 4007 1129 4084; x_wconf 80' lang='lat' dir='ltr'><strong>Insor.</strong></span> <span class='ocrx_word' id='word_1_222' title='bbox 1162 4019 1219 4082; x_wconf 87' lang='lat' dir='ltr'><strong>Gr.</strong></span> <span class='ocrx_word' id='word_1_223' title='bbox 1243 4019 1297 4082; x_wconf 72' lang='grc' dir='ltr'><strong>ΝΟ.</strong></span> <span class='ocrx_word' id='word_1_224' title='bbox 1324 4022 1397 4099; x_wconf 80' lang='grc'><strong>123,</strong></span> 
     </span>
     <span class='ocr_line' id='line_1_29' title="bbox 286 4142 1397 4229; baseline 0 -22"><span class='ocrx_word' id='word_1_225' title='bbox 286 4146 302 4229; x_wconf 62' lang='grc' dir='ltr'>ᾧ</span> <span class='ocrx_word' id='word_1_226' title='bbox 336 4148 372 4207; x_wconf 77' lang='lat' dir='ltr'><strong>d:</strong></span> <span class='ocrx_word' id='word_1_227' title='bbox 403 4142 500 4221; x_wconf 68' lang='grc' dir='ltr'><em>ἀγέτω</em></span> <span class='ocrx_word' id='word_1_228' title='bbox 530 4144 560 4207; x_wconf 78' lang='grc' dir='ltr'><strong>δὲ</strong></span> <span class='ocrx_word' id='word_1_229' title='bbox 591 4143 642 4207; x_wconf 76' lang='lat' dir='ltr'><strong>uel</strong></span> <span class='ocrx_word' id='word_1_230' title='bbox 671 4144 687 4217; x_wconf 74' lang='grc' dir='ltr'>ἡ</span> <span class='ocrx_word' id='word_1_231' title='bbox 712 4143 974 4224; x_wconf 64' lang='lat' dir='ltr'><strong>pacilianensi</strong></span> <span class='ocrx_word' id='word_1_232' title='bbox 999 4142 1230 4225; x_wconf 62' lang='grc' dir='ltr'><strong>Στεφωνηφόρου</strong></span> <span class='ocrx_word' id='word_1_233' title='bbox 1254 4143 1397 4225; x_wconf 69' lang='grc' dir='ltr'><strong>δραχμὰς</strong></span> 
     </span>
    </p>
   </div>
   <div class='ocr_carea' id='block_1_5' title="bbox 285 4267 1397 4351">
    <p class='ocr_par' dir='ltr' id='par_1_5' title="bbox 285 4267 1397 4351">
     <span class='ocr_line' id='line_1_30' title="bbox 285 4267 1397 4351; baseline 0 -17"><span class='ocrx_word' id='word_1_234' title='bbox 285 4270 386 4334; x_wconf 77' lang='grc' dir='ltr'><em>ἑκατὸν</em></span> <span class='ocrx_word' id='word_1_235' title='bbox 409 4270 562 4350; x_wconf 70' lang='grc' dir='ltr'><strong><em>τριάκοντα</em></strong></span> <span class='ocrx_word' id='word_1_236' title='bbox 584 4268 635 4334; x_wconf 77' lang='lat' dir='ltr'><strong>rori</strong></span> <span class='ocrx_word' id='word_1_237' title='bbox 659 4271 731 4334; x_wconf 75' lang='grc' dir='ltr'><strong>ὀκτὼ</strong></span> <span class='ocrx_word' id='word_1_238' title='bbox 754 4271 822 4351; x_wconf 76' lang='grc' dir='ltr'><strong>πρὸς</strong></span> <span class='ocrx_word' id='word_1_239' title='bbox 848 4267 888 4333; x_wconf 78' lang='lat' dir='ltr'><strong>roi</strong></span> <span class='ocrx_word' id='word_1_240' title='bbox 910 4267 1041 4348; x_wconf 68' lang='lat' dir='ltr'><strong>ordinis</strong></span> <span class='ocrx_word' id='word_1_241' title='bbox 1065 4269 1105 4334; x_wconf 77' lang='lat' dir='ltr'><strong>roi</strong></span> <span class='ocrx_word' id='word_1_242' title='bbox 1128 4270 1157 4333; x_wconf 81' lang='grc' dir='ltr'><strong>ἐν</strong></span> <span class='ocrx_word' id='word_1_243' title='bbox 1182 4271 1221 4350; x_wconf 80' lang='grc' dir='ltr'><strong>τῷ</strong></span> <span class='ocrx_word' id='word_1_244' title='bbox 1244 4271 1397 4351; x_wconf 73' lang='grc' dir='ltr'><em>ἀργυροκο-</em></span> 
     </span>
    </p>
   </div>
   <div class='ocr_carea' id='block_1_6' title="bbox 0 0 1696 5228">
    <p class='ocr_par' dir='ltr' id='par_1_6' title="bbox 0 0 1696 5228">
     <span class='ocr_line' id='line_1_31' title="bbox 0 0 1696 5228; baseline 0 0"><span class='ocrx_word' id='word_1_245' title='bbox 0 0 1696 5228; x_wconf 95' lang='lat' dir='ltr'><strong> </strong></span> 
     </span>
    </p>
   </div>
  </div>
 </body>
</html>
