3360 5228
786 558 827 620 45

257 771 346 833 hunc
369 770 478 833 locum
499 768 675 850 inquinare
694 766 833 830 videtur.
855 765 999 830 Verbum
1021 761 1288 828 calecamentum
1303 781 1370 824 nan
1462 765 1467 774 ’

258 914 385 978 semper
407 895 634 958 accusativum
660 911 734 955 cum
756 891 922 954 infinitivo
943 891 1026 973 regit
1034 916 1042 966 ;
1064 887 1292 972 corrigendum
1313 887 1373 969 igi·

260 1024 315 1083 tur
348 1038 462 1083 censeo
495 1016 550 1088 τοῖς
583 1014 690 1097 ιῖρχοίς.
723 1016 846 1080 Eodem
884 1016 978 1080 modo
1010 1015 1208 1079 Plutarchus
1238 1014 1274 1075 in
1303 1014 1374 1075 vita

260 1144 389 1208 Solonis
418 1143 543 1208 locutus
574 1148 631 1221 est,
660 1162 730 1225 cap.
763 1143 800 1204 10
826 1136 887 1212 οὓς
910 1137 1188 1221 προβουλεύειν
1211 1133 1299 1212 ἔταξε
1322 1140 1371 1200 τοῦ

259 1265 362 1344 δίκον,
388 1287 459 1350 cap.
485 1269 524 1329 22
548 1262 600 1330 καί
623 1264 689 1337 τὴν
713 1261 746 1339 ἐξ
769 1261 877 1346 Ἀρείου
897 1263 996 1343 ποίρου
1015 1262 1161 1343 βουλὴν
1179 1258 1374 1337 ἔταξενὲπι-

260 1399 438 1465 σκοπεῖν,
463 1389 521 1456 ὅθεν
546 1389 668 1464 ἕκαστος
693 1388 756 1470 ἔχει
778 1391 962 1465 τοὶπιτθδεια,
987 1412 1057 1476 cap.
1083 1393 1124 1455 23
1147 1389 1232 1472 τῷδ’
1254 1385 1375 1467 Ἴσθμια

259 1515 406 1591 νικήσαντι
429 1515 619 1597 δραχμὰς
643 1512 744 1590 ἔταξεν
764 1515 865 1581 ἑκατὸν
884 1515 1079 1589 δίδοσθαι,
1101 1537 1171 1602 cap.
1192 1518 1231 1578 25
1252 1513 1374 1587 αὐτὴν

260 1638 314 1720 μὲν
349 1639 436 1716 ἔταξε
464 1642 612 1715 ταθτκν
643 1639 707 1715 luna
737 1640 788 1706 καί
820 1640 885 1705 νέαν
915 1641 1131 1706 καλεῖσθαι.
1157 1642 1263 1706 Possit
1284 1641 1375 1724 quis·

259 1771 349 1851 piam
380 1769 577 1834 contendere
609 1789 676 1833 uno
700 1769 862 1833 etaltera
886 1769 955 1834 loco
979 1770 1080 1832 etiam
1106 1768 1257 1831 dativum
1283 1767 1375 1829 inve·

259 1894 323 1956 niri
359 1898 391 1957 el
427 1893 561 1958 laudare
586 1893 695 1969 ¹Thac.
726 1893 786 1971 111,
821 1895 861 1955 22
892 1890 943 1956 καὶ
974 1891 998 1956 οἱ
1020 1895 1169 1971 τριακόσιοι
1191 1891 1296 1961 αὐτῶν,
1321 1883 1375 1962 οἷς

259 2015 397 2082 ἐτέτακτο
419 2017 626 2096 παραβοηθεῖν,
651 2019 735 2082 Xen.
762 2016 848 2100 (lyr.¹
862 2017 888 2096 Ι,
914 2021 943 2096 5,
969 2020 986 2080 5
1007 2021 1063 2079 τῶν
1083 2015 1109 2081 δ’
1128 2009 1167 2080 αὖ
1187 2015 1290 2096 χιλίαν
1310 2012 1375 2079 τοιί-

260 2165 315 2206 τιον
346 2141 494 2224 ἑκοίστιρ
524 2138 634 2217 ἔταξαν
665 2143 698 2207 ἐκ
721 2146 772 2206 τοῦ
796 2141 891 2220 δήμου
913 2145 968 2205 τῶν
993 2145 1106 2222 Περσῶν
1129 2139 1201 2206 δίκα
1224 2137 1278 2219 μὲν
1302 2155 1375 2204 πελ-

260 2268 376 2342 ταστοδς
398 2267 595 2350 προσελέσθαι,
619 2271 675 2334 sed
697 2271 823 2334 duobus
847 2271 897 2332 his
918 2270 997 2334 locis
1017 2270 1156 2334 verbum
1177 2266 1294 2332 τοίσσειν
1308 2289 1375 2334 non

261 2395 349 2460 idem
384 2396 547 2478 significat
579 2396 666 2478 quod
698 2395 785 2479 apud
814 2396 1043 2458 Plutarchum.
1075 2394 1140 2459 Ubi
1163 2414 1238 2460 cnm
1263 2395 1375 2459 dativo

261 2523 472 2605 conjunctum
505 2527 563 2599 est,
588 2521 676 2586 idem
703 2521 791 2584 valet
814 2521 900 2603 quod
924 2521 1105 2603 composita
1127 2518 1317 2600 προστάσσειν
1342 2527 1377 2585 ct

260 2643 426 2709 ἐπιτοίσσειν
449 2651 480 2710 st
499 2645 621 2710 dicitur
640 2646 680 2709 ds
700 2665 748 2723 ce,
769 2645 857 2727 quod
876 2644 1176 2732 semellacicndum
1190 2650 1374 2723 utcontra

261 2771 348 2855 apud
370 2769 586 2835 Plutarchum
607 2789 739 2836 sensum
764 2771 854 2834 verbi
874 2755 1067 2835 rolrcavesl:
1087 2772 1375 2850 constituere,

260 2897 573 2978 praescribere,
597 2901 629 2961 et
649 2897 836 2960 adhibitum
858 2901 907 2959 est
926 2896 1146 2978 sopotecluse,
1158 2915 1258 2980 quam
1272 2895 1371 2962 Solon

260 3023 301 3085 iis
324 3021 357 3084 in
382 3013 578 3105 perpetuum
603 3022 743 3105 delegat.
767 3021 838 3084 Hac
863 3040 938 3084 vero
963 3021 1203 3104 significatione
1223 3023 1376 3085 dativum

260 3167 382 3232 ponere
407 3168 471 3212 non
496 3149 615 3213 ausim.

306 3406 386 3491 Gap.
409 3407 500 3486 XIX,
525 3407 577 3472 17.
601 3404 733 3484 Ἀτίραοιν
756 3402 812 3470 ὅσοι
831 3403 931 3483 ὅτιμοι
951 3399 1026 3479 ἦσαν
1045 3403 1137 3487 πρίνῆ
1151 3408 1270 3472 Σίλωνα
1282 3402 1376 3487 ἄρξαι,

262 3532 410 3610 ἐπιτίμους
433 3525 502 3596 εἶναι
526 3531 603 3605 πλὴν
626 3529 683 3596 ὅσοι
705 3528 738 3606 ἐξ
760 3530 869 3613 Ἀρείου
892 3529 990 3610 ποίνου
1010 3530 1026 3606 ἢ
1048 3529 1104 3596 ὅσοι
1122 3533 1154 3596 ἐκ
1174 3536 1230 3598 τῶν
1242 3533 1378 3614 Ἐφετῶν

263 3655 279 3731 ἢ
310 3659 343 3722 ἐκ
372 3656 542 3738 Πρυτανεῖον
573 3656 838 3730 καταδικασθέντες
861 3656 915 3721 ὑπὸ
940 3660 995 3720 τῶν
1019 3656 1163 3735 βασιλέοιν
1187 3655 1236 3720 ἐπὶ
1258 3655 1376 3742 Φὸνῳῆ

263 3789 429 3865 σφαγαῖσιν
460 3780 476 3856 ὅ
508 3780 557 3846 ἐπὶ
581 3783 726 3863 τυραννίδι
749 3781 860 3864 ἔφυγον
883 3779 930 3847 ὅτε
954 3783 1058 3860 θεσμὸς
1080 3782 1174 3865 ε’,θοίνκ
1199 3781 1257 3848 ὅδε.
1284 3781 1374 3848 Haeo

264 3905 391 3972 Solonis
414 3908 468 3972 lex
491 3908 533 3971 ad
555 3907 691 3989 Cylonis
717 3910 829 3973 turbas
848 3915 879 3973 et
900 3909 1153 3974 Alcmaeenldas
1171 3911 1286 3992 ejectos
1299 3911 1377 3974 rele-

263 4033 365 4097 renda
397 4053 465 4098 esse
498 4033 638 4112 videtur,
670 4035 711 4099 cf.
744 4054 814 4117 cap.
848 4037 898 4099 12.
933 4036 1042 4099 Verba
1069 4034 1123 4098 ὑπὸ
1154 4037 1209 4097 τῶν
1232 4033 1377 4112 βασιλέων

262 4158 426 4241 quomedo
457 4158 653 4240 explicanda
683 4161 760 4238 sint,
792 4161 874 4222 mihi
900 4179 965 4224 non
989 4161 1068 4223 satis
1091 4157 1294 4243 exploratum
1320 4166 1377 4225 est.

260 4283 414 4378 Dubitari
444 4284 536 4350 enim
566 4289 673 4368 potest
706 4291 817 4348 utrum
854 4285 1053 4350 Plutarchus
1076 4285 1277 4349 intellexerit
1311 4283 1378 4358 τοὺς
