3360 5228
292 798 359 862 ‚Ib.
384 801 425 861 26

399 947 432 1011 εἰο
456 945 582 1028 νεφέλης
606 945 728 1010 πέλετοοι
751 945 848 1025 χιόνος
871 944 956 1024 μένος
981 945 1030 1019 ἠδὲ
1052 945 1205 1027 χοιλοέζης·

442 1071 546 1154 βροντη
572 1072 598 1136 δ’
624 1073 656 1137 ἐκ
679 1077 822 1154 λοομπροῖς
846 1072 956 1151 γίνεται
979 1073 1148 1155 οέστεροπης.

397 1193 430 1272 ἐξ
454 1196 569 1276 diluas
595 1197 626 1262 δὲ
648 1196 786 1262 θοέλοισσοο
808 1197 997 1280 ταράσσεται·
1020 1197 1052 1273 ἣν
1077 1197 1108 1263 δέ
1130 1223 1175 1272 τις
1198 1199 1289 1274 αὐτην

446 1322 489 1400 μὴ
513 1332 574 1405 κινῇ
598 1323 715 1388 πάντων
737 1323 800 1388 ἐστὶ
824 1323 1002 1399 δικοοιοτοέτη.

309 1477 516 1553 Plutarchus,
540 1497 606 1559 qua
630 1497 724 1560 saepe
748 1485 796 1542 est
815 1479 963 1555 levitate,
986 1481 1045 1544 hoc
1064 1481 1135 1544 loco
1148 1480 1212 1544 dno
1225 1481 1383 1562 exdiver-

265 1603 308 1665 sis
333 1603 446 1686 elogiis
467 1582 609 1666 disticha
633 1605 840 1686 conjunxisse
866 1605 1007 1668 videtur.
1026 1607 1121 1667 Prius
1141 1605 1301 1669 distichon
1316 1625 1384 1668 esse

267 1729 455 1792 membrum
481 1729 737 1811 comparationis
760 1730 854 1793 docet
877 1750 936 1794 nos
958 1731 1122 1812 Diogenes
1146 1730 1307 1807 La'e‘rtius,
1325 1731 1384 1812 qui

191 1893 196 1905 -
265 1854 411 1916 alterum
445 1855 701 1936 comparationis
733 1856 920 1932 membrum
951 1856 1109 1919 continuo
1142 1855 1305 1938 adjunxit,
1335 1856 1384 1932 ita

266 1979 429 2042 scribens:
459 1979 494 2064 (I,
527 1980 579 2062 50)
610 1979 650 2042 rel
681 1979 712 2044 δὲ
744 1977 808 2061 περὶ
839 1987 893 2053 τῆς
916 1983 966 2044 τοῦ
989 1978 1196 2060 Πεισιστροέτον
1219 1962 1384 2061 τνροοννίδος

267 2105 386 2182 ἐλεγεῖον
408 2103 596 2186 προλέγοντος
618 2107 707 2170 οιύτοῦ
731 2110 831 2170 τοοῖιτοο
853 2101 897 2180 ἦν·

354 2270 386 2332 ἐκ
409 2267 535 2350 νεφέλης
557 2267 679 2334 πέλετοοι
702 2268 798 2349 χιόνος
821 2269 906 2350 μένος
926 2271 976 2345 ἠδὲ
998 2270 1152 2351 χοολοὶζης·

402 2393 506 2475 βροντὴ
530 2394 557 2458 δ’
581 2397 613 2460 ἐκ
631 2399 774 2476 λοομπροῖς
797 2397 908 2474 νίνετοιι
932 2397 1105 2478 ἀστεροπῆς·

359 2520 465 2601 ἀνδρῶν
489 2521 514 2585 δ’
539 2523 571 2585 ἐκ
594 2519 735 2599 μεγοὶλων
759 2525 842 2594 πόλις
865 2520 997 2586 ἕλλντοιι·
1020 2526 1060 2596 εἰς
1083 2522 1114 2588 δὲ
1137 2523 1285 2608 μονιέρχον

401 2647 494 2725 δῆμος
516 2648 610 2729 οἴίδριή
635 2647 805 2722 δουλοσύνην
830 2647 939 2712 ἔπεσεν.

311 2837 400 2901 Haec
431 2838 555 2920 optime
581 2838 668 2901 inter
690 2855 758 2900 sese
782 2839 957 2902 cohaerent
965 2865 974 2916 ;
1004 2845 1052 2902 est
1075 2839 1163 2902 enim
1188 2836 1381 2916 similitudo,

267 2965 359 3046 cnjus
391 2963 569 3045 praeprua
599 2965 648 3026 vis
679 2964 760 3027 latet
793 2965 827 3025 in
855 2984 886 3027 v.
911 2965 929 3024 2
955 2972 986 3028 et
1011 2966 1047 3026 3:
1073 2951 1383 3046 „quemadmodum

267 3108 308 3152 ex
337 3089 525 3171 fulgenti
557 3087 685 3170 fulgure
717 3089 841 3152 tonitru
869 3090 983 3168 oritur,
1006 3091 1053 3152 sic
1077 3091 1205 3153 civitati
1225 3091 1385 3173 pernicies

267 3214 401 3278 affertur
423 3214 465 3277 ab
489 3214 750 3278 illustribus
769 3213 879 3276 viris.”
899 3214 1051 3278 Alterum
1072 3216 1384 3278 aPlutarohocom-

269 3344 489 3403 memoratum
521 3337 683 3404 distichon
712 3341 813 3422 priori
838 3360 902 3403 non
926 3340 1192 3424 subjungendum
1218 3360 1286 3403 esse
1308 3341 1386 3404 inde

267 3484 400 3548 quoque
425 3465 536 3548 colligi
561 3471 676 3547 potest,
697 3466 783 3548 quod
803 3485 1023 3549 nequaquam,
1037 3472 1074 3528 ut
1094 3446 1384 3545 vnltPlutarchus,

267 3590 503 3670 demonstrare
526 3593 657 3656 videtur
680 3613 809 3676 „quam
836 3594 978 3676 simplex
1002 3593 1098 3658 Solon
1125 3595 1159 3656 in
1185 3594 1281 3657 rebus
1304 3594 1385 3676 phy·
1468 3645 1470 3649 .

266 3717 343 3779 sicis
375 3717 490 3781 esset.''
521 3718 604 3782 Rem
633 3739 694 3782 acu
717 3720 860 3802 tetigisse
884 3739 999 3783 censeo
1023 3719 1216 3801 Berghium,
1241 3720 1299 3801 qui
1326 3719 1385 3782 hoc

268 3843 427 3907 distichon
460 3825 580 3908 referat
612 3842 653 3908 ad
678 3845 828 3927 elegiam,
853 3864 919 3927 qua
943 3845 1042 3908 Solon
1068 3848 1145 3908 nota
1168 3844 1385 3911 similitudine

266 3967 423 4048 populum
445 3987 522 4031 cum
543 3970 627 4032 mari
646 3971 897 4052 comparaverit.
921 3971 1050 4034 -Eadem
1073 3969 1274 4052 comparatio
1292 3973 1384 4036 inve·

266 4093 359 4154 nitur
388 4095 476 4174 apud
506 4094 709 4158 Herodotum
744 4095 817 4173 VII,
856 4097 902 4166 lo,
934 4098 1021 4178 apud
1043 4096 1223 4176 Polybium
1248 4096 1306 4172 XI,
1333 4098 1386 4173 29,

267 4219 355 4300 apud
383 4218 516 4283 Livium
549 4218 706 4298 XXVIII,
739 4222 790 4300 27,
821 4221 908 4304 apud
933 4219 1123 4286 Ciceronem
1147 4242 1205 4304 pro
1230 4220 1384 4286 Cluentio

268 4345 285 4428 p
311 4344 384 4407 138.
