<?xml version="1.0" encoding="UTF-8"?>
<!DOCTYPE html PUBLIC "-//W3C//DTD XHTML 1.0 Transitional//EN"
    "http://www.w3.org/TR/xhtml1/DTD/xhtml1-transitional.dtd">
<html xmlns="http://www.w3.org/1999/xhtml" xml:lang="en" lang="en">
 <head>
  <title>
</title>
<meta http-equiv="Content-Type" content="text/html;charset=utf-8" />
  <meta name='ocr-system' content='tesseract 3.04.00' />
  <meta name='ocr-capabilities' content='ocr_page ocr_carea ocr_par ocr_line ocrx_word'/>
</head>
<body>
  <div class='ocr_page' id='page_1' title='image "./observationesin00eggigoog/observationesin00eggigoog_0019.png"; bbox 0 0 3360 5228; ppageno 0'>
   <div class='ocr_carea' id='block_1_1' title="bbox 848 628 888 688">
    <p class='ocr_par' dir='ltr' id='par_1_1' title="bbox 848 628 888 688">
     <span class='ocr_line' id='line_1_1' title="bbox 848 628 888 688; baseline 0.2 -9"><span class='ocrx_word' id='word_1_1' title='bbox 848 628 888 688; x_wconf 80' lang='lat'>10</span> 
     </span>
    </p>
   </div>
   <div class='ocr_carea' id='block_1_2' title="bbox 277 835 1502 2682">
    <p class='ocr_par' dir='ltr' id='par_1_2' title="bbox 277 835 1502 2682">
     <span class='ocr_line' id='line_1_2' title="bbox 355 835 1426 918; baseline -0.003 -18"><span class='ocrx_word' id='word_1_2' title='bbox 355 835 432 918; x_wconf 77' lang='lat' dir='ltr'>Cap.</span> <span class='ocrx_word' id='word_1_3' title='bbox 456 835 513 900; x_wconf 90' lang='lat' dir='ltr'>IV.</span> <span class='ocrx_word' id='word_1_4' title='bbox 539 835 608 900; x_wconf 92' lang='lat' dir='ltr'>Hoc</span> <span class='ocrx_word' id='word_1_5' title='bbox 630 837 736 918; x_wconf 91' lang='lat' dir='ltr'>capite</span> <span class='ocrx_word' id='word_1_6' title='bbox 760 837 949 900; x_wconf 76' lang='lat' dir='ltr'>continetur</span> <span class='ocrx_word' id='word_1_7' title='bbox 971 840 1049 901; x_wconf 90' lang='lat' dir='ltr'>nota</span> <span class='ocrx_word' id='word_1_8' title='bbox 1071 836 1130 898; x_wconf 89' lang='lat' dir='ltr'>illa</span> <span class='ocrx_word' id='word_1_9' title='bbox 1155 837 1290 900; x_wconf 89' lang='lat' dir='ltr'>historia</span> <span class='ocrx_word' id='word_1_10' title='bbox 1303 835 1349 898; x_wconf 83' lang='lat' dir='ltr'>de</span> <span class='ocrx_word' id='word_1_11' title='bbox 1372 835 1426 897; x_wconf 91' lang='lat' dir='ltr'>tri·</span> 
     </span>
     <span class='ocr_line' id='line_1_3' title="bbox 309 960 1426 1044; baseline -0.004 -18"><span class='ocrx_word' id='word_1_12' title='bbox 309 963 390 1044; x_wconf 90' lang='lat' dir='ltr'>pode</span> <span class='ocrx_word' id='word_1_13' title='bbox 425 973 526 1025; x_wconf 87' lang='lat' dir='ltr'>aureo</span> <span class='ocrx_word' id='word_1_14' title='bbox 560 981 580 1023; x_wconf 93' lang='lat' dir='ltr'>a</span> <span class='ocrx_word' id='word_1_15' title='bbox 613 961 831 1043; x_wconf 80' lang='lat' dir='ltr'><strong>piscatoribus</strong></span> <span class='ocrx_word' id='word_1_16' title='bbox 866 981 883 1024; x_wconf 93' lang='lat' dir='ltr'>e</span> <span class='ocrx_word' id='word_1_17' title='bbox 921 961 1006 1022; x_wconf 90' lang='lat' dir='ltr'>mari</span> <span class='ocrx_word' id='word_1_18' title='bbox 1035 965 1191 1036; x_wconf 84' lang='lat' dir='ltr'>extracto,</span> <span class='ocrx_word' id='word_1_19' title='bbox 1221 960 1291 1042; x_wconf 89' lang='lat' dir='ltr'>qui,</span> <span class='ocrx_word' id='word_1_20' title='bbox 1322 979 1426 1042; x_wconf 88' lang='lat' dir='ltr'>quum</span> 
     </span>
     <span class='ocr_line' id='line_1_4' title="bbox 310 1085 1426 1169; baseline -0.003 -20"><span class='ocrx_word' id='word_1_21' title='bbox 310 1087 426 1169; x_wconf 85' lang='lat' dir='ltr'><strong>Apollo</strong></span> <span class='ocrx_word' id='word_1_22' title='bbox 459 1086 638 1168; x_wconf 92' lang='lat' dir='ltr'>Delphicus</span> <span class='ocrx_word' id='word_1_23' title='bbox 668 1086 917 1150; x_wconf 83' lang='lat' dir='ltr'>consulentibus</span> <span class='ocrx_word' id='word_1_24' title='bbox 948 1085 1163 1168; x_wconf 80' lang='lat' dir='ltr'>respondisset</span> <span class='ocrx_word' id='word_1_25' title='bbox 1185 1085 1426 1167; x_wconf 88' lang='lat' dir='ltr'>sapientissimo</span> 
     </span>
     <span class='ocr_line' id='line_1_5' title="bbox 310 1211 1502 1293; baseline -0.003 -18"><span class='ocrx_word' id='word_1_26' title='bbox 310 1213 439 1277; x_wconf 91' lang='lat' dir='ltr'>homini</span> <span class='ocrx_word' id='word_1_27' title='bbox 463 1233 538 1276; x_wconf 88' lang='lat' dir='ltr'>eum</span> <span class='ocrx_word' id='word_1_28' title='bbox 564 1213 707 1275; x_wconf 91' lang='lat' dir='ltr'>dandum</span> <span class='ocrx_word' id='word_1_29' title='bbox 733 1231 811 1290; x_wconf 90' lang='lat' dir='ltr'>esse,</span> <span class='ocrx_word' id='word_1_30' title='bbox 835 1212 878 1275; x_wconf 90' lang='lat' dir='ltr'>ab</span> <span class='ocrx_word' id='word_1_31' title='bbox 898 1211 964 1275; x_wconf 89' lang='lat' dir='ltr'>alio</span> <span class='ocrx_word' id='word_1_32' title='bbox 986 1230 1026 1275; x_wconf 87' lang='lat' dir='ltr'>ex</span> <span class='ocrx_word' id='word_1_33' title='bbox 1046 1215 1181 1293; x_wconf 89' lang='lat' dir='ltr'>septem,</span> <span class='ocrx_word' id='word_1_34' title='bbox 1202 1217 1426 1292; x_wconf 88' lang='lat' dir='ltr'>quosvocant,</span> <span class='ocrx_word' id='word_1_35' title='bbox 1499 1277 1502 1286; x_wconf 20' lang='grc' dir='ltr'><strong>Α</strong></span> 
     </span>
     <span class='ocr_line' id='line_1_6' title="bbox 310 1336 1426 1421; baseline -0.004 -19"><span class='ocrx_word' id='word_1_36' title='bbox 310 1339 514 1421; x_wconf 80' lang='lat' dir='ltr'>sapientibus</span> <span class='ocrx_word' id='word_1_37' title='bbox 537 1338 578 1401; x_wconf 89' lang='lat' dir='ltr'>ad</span> <span class='ocrx_word' id='word_1_38' title='bbox 602 1337 705 1400; x_wconf 92' lang='lat' dir='ltr'>alium</span> <span class='ocrx_word' id='word_1_39' title='bbox 732 1339 850 1400; x_wconf 90' lang='lat' dir='ltr'>missus</span> <span class='ocrx_word' id='word_1_40' title='bbox 874 1344 932 1414; x_wconf 89' lang='lat' dir='ltr'>est,</span> <span class='ocrx_word' id='word_1_41' title='bbox 953 1336 1056 1400; x_wconf 91' lang='lat' dir='ltr'>donec</span> <span class='ocrx_word' id='word_1_42' title='bbox 1075 1343 1239 1419; x_wconf 87' lang='lat' dir='ltr'>postremo</span> <span class='ocrx_word' id='word_1_43' title='bbox 1257 1336 1298 1398; x_wconf 92' lang='lat' dir='ltr'>ad</span> <span class='ocrx_word' id='word_1_44' title='bbox 1319 1337 1426 1420; x_wconf 89' lang='lat' dir='ltr'>ipsum</span> 
     </span>
     <span class='ocr_line' id='line_1_7' title="bbox 310 1461 1426 1545; baseline -0.004 -18"><span class='ocrx_word' id='word_1_45' title='bbox 310 1465 406 1527; x_wconf 90' lang='lat' dir='ltr'>deum</span> <span class='ocrx_word' id='word_1_46' title='bbox 440 1464 620 1526; x_wconf 88' lang='lat' dir='ltr'>translatus</span> <span class='ocrx_word' id='word_1_47' title='bbox 643 1467 699 1527; x_wconf 91' lang='lat' dir='ltr'>est.</span> <span class='ocrx_word' id='word_1_48' title='bbox 725 1463 814 1526; x_wconf 88' lang='lat' dir='ltr'>Idem</span> <span class='ocrx_word' id='word_1_49' title='bbox 840 1463 961 1545; x_wconf 90' lang='lat' dir='ltr'>legitur</span> <span class='ocrx_word' id='word_1_50' title='bbox 984 1463 1069 1544; x_wconf 87' lang='lat' dir='ltr'>apud</span> <span class='ocrx_word' id='word_1_51' title='bbox 1096 1462 1170 1524; x_wconf 83' lang='lat' dir='ltr'>Val.</span> <span class='ocrx_word' id='word_1_52' title='bbox 1196 1463 1283 1525; x_wconf 86' lang='lat' dir='ltr'>Max.</span> <span class='ocrx_word' id='word_1_53' title='bbox 1308 1461 1364 1536; x_wconf 90' lang='lat' dir='ltr'>IV,</span> <span class='ocrx_word' id='word_1_54' title='bbox 1396 1461 1426 1538; x_wconf 92' lang='lat' dir='ltr'>l,</span> 
     </span>
     <span class='ocr_line' id='line_1_8' title="bbox 313 1589 1428 1672; baseline -0.004 -18"><span class='ocrx_word' id='word_1_55' title='bbox 313 1591 329 1654; x_wconf 82' lang='lat'>7</span> <span class='ocrx_word' id='word_1_56' title='bbox 361 1596 395 1654; x_wconf 88' lang='lat' dir='ltr'>et</span> <span class='ocrx_word' id='word_1_57' title='bbox 422 1591 609 1654; x_wconf 78' lang='lat' dir='ltr'>accuratius</span> <span class='ocrx_word' id='word_1_58' title='bbox 633 1591 719 1672; x_wconf 91' lang='lat' dir='ltr'>apud</span> <span class='ocrx_word' id='word_1_59' title='bbox 745 1591 838 1670; x_wconf 84' lang='lat' dir='ltr'>Diog.</span> <span class='ocrx_word' id='word_1_60' title='bbox 862 1589 970 1652; x_wconf 78' lang='lat' dir='ltr'>Lae&#39;rt.</span> <span class='ocrx_word' id='word_1_61' title='bbox 994 1589 1019 1666; x_wconf 89' lang='lat' dir='ltr'>I,</span> <span class='ocrx_word' id='word_1_62' title='bbox 1047 1589 1187 1652; x_wconf 78' lang='lat'><strong>27-33.</strong></span> <span class='ocrx_word' id='word_1_63' title='bbox 1211 1589 1239 1650; x_wconf 87' lang='grc' dir='ltr'><strong>Ε</strong></span> <span class='ocrx_word' id='word_1_64' title='bbox 1262 1606 1428 1669; x_wconf 89' lang='lat' dir='ltr'>compara·</span> 
     </span>
     <span class='ocr_line' id='line_1_9' title="bbox 311 1712 1428 1798; baseline -0.004 -21"><span class='ocrx_word' id='word_1_65' title='bbox 311 1717 400 1780; x_wconf 92' lang='lat' dir='ltr'>tione</span> <span class='ocrx_word' id='word_1_66' title='bbox 423 1716 563 1778; x_wconf 91' lang='lat' dir='ltr'>duarum</span> <span class='ocrx_word' id='word_1_67' title='bbox 589 1714 676 1798; x_wconf 91' lang='lat' dir='ltr'>apud</span> <span class='ocrx_word' id='word_1_68' title='bbox 699 1715 881 1798; x_wconf 84' lang='lat' dir='ltr'>Diogenem</span> <span class='ocrx_word' id='word_1_69' title='bbox 906 1721 938 1776; x_wconf 89' lang='lat' dir='ltr'>et</span> <span class='ocrx_word' id='word_1_70' title='bbox 965 1712 1051 1796; x_wconf 90' lang='lat' dir='ltr'>apud</span> <span class='ocrx_word' id='word_1_71' title='bbox 1076 1713 1291 1776; x_wconf 79' lang='lat' dir='ltr'>Plutarchum</span> <span class='ocrx_word' id='word_1_72' title='bbox 1316 1732 1428 1774; x_wconf 88' lang='lat' dir='ltr'>narra·</span> 
     </span>
     <span class='ocr_line' id='line_1_10' title="bbox 277 1838 1426 1922; baseline -0.003 -19"><span class='ocrx_word' id='word_1_73' title='bbox 277 1853 279 1862; x_wconf 81' lang='grc'>’</span> <span class='ocrx_word' id='word_1_74' title='bbox 312 1843 440 1903; x_wconf 86' lang='lat' dir='ltr'>tionum</span> <span class='ocrx_word' id='word_1_75' title='bbox 473 1841 621 1922; x_wconf 86' lang='lat' dir='ltr'>sequitur</span> <span class='ocrx_word' id='word_1_76' title='bbox 649 1861 703 1904; x_wconf 89' lang='lat' dir='ltr'>eos</span> <span class='ocrx_word' id='word_1_77' title='bbox 727 1859 808 1922; x_wconf 90' lang='lat' dir='ltr'>quos</span> <span class='ocrx_word' id='word_1_78' title='bbox 831 1840 1027 1903; x_wconf 86' lang='lat' dir='ltr'>Plutarchus</span> <span class='ocrx_word' id='word_1_79' title='bbox 1046 1840 1081 1901; x_wconf 93' lang='lat' dir='ltr'>in</span> <span class='ocrx_word' id='word_1_80' title='bbox 1107 1839 1170 1902; x_wconf 89' lang='lat' dir='ltr'>line</span> <span class='ocrx_word' id='word_1_81' title='bbox 1194 1838 1309 1920; x_wconf 89' lang='lat' dir='ltr'>capitis</span> <span class='ocrx_word' id='word_1_82' title='bbox 1333 1857 1426 1901; x_wconf 91' lang='lat' dir='ltr'>voca·</span> 
     </span>
     <span class='ocr_line' id='line_1_11' title="bbox 312 1939 1429 2048; baseline -0.004 -18"><span class='ocrx_word' id='word_1_83' title='bbox 312 1967 398 2030; x_wconf 91' lang='lat' dir='ltr'>bulis</span> <span class='ocrx_word' id='word_1_84' title='bbox 428 1965 451 2029; x_wconf 87' lang='grc' dir='ltr'>οἱ</span> <span class='ocrx_word' id='word_1_85' title='bbox 481 1963 535 2042; x_wconf 81' lang='grc' dir='ltr'>μὲν</span> <span class='ocrx_word' id='word_1_86' title='bbox 558 1939 901 2048; x_wconf 65' lang='grc' dir='ltr'>ἀθοίςηοοεοοὶρίοτοε</span> <span class='ocrx_word' id='word_1_87' title='bbox 924 1984 991 2029; x_wconf 85' lang='lat' dir='ltr'>esse</span> <span class='ocrx_word' id='word_1_88' title='bbox 1013 1965 1188 2028; x_wconf 83' lang='lat' dir='ltr'>Eudoxum</span> <span class='ocrx_word' id='word_1_89' title='bbox 1212 1963 1371 2028; x_wconf 82' lang='lat' dir='ltr'>Cnidium</span> <span class='ocrx_word' id='word_1_90' title='bbox 1396 1969 1429 2028; x_wconf 91' lang='lat' dir='ltr'>ct</span> 
     </span>
     <span class='ocr_line' id='line_1_12' title="bbox 310 2090 1425 2186; baseline -0.003 -31"><span class='ocrx_word' id='word_1_91' title='bbox 310 2093 499 2155; x_wconf 84' lang='lat' dir='ltr'>Euanthern</span> <span class='ocrx_word' id='word_1_92' title='bbox 526 2093 702 2168; x_wconf 83' lang='lat' dir='ltr'>Milesium,</span> <span class='ocrx_word' id='word_1_93' title='bbox 726 2098 995 2186; x_wconf 88' lang='lat' dir='ltr'>oetercsaute1n‚</span> <span class='ocrx_word' id='word_1_94' title='bbox 1019 2091 1076 2173; x_wconf 91' lang='lat' dir='ltr'>qui</span> <span class='ocrx_word' id='word_1_95' title='bbox 1102 2090 1125 2154; x_wconf 86' lang='grc' dir='ltr'>οί</span> <span class='ocrx_word' id='word_1_96' title='bbox 1146 2090 1177 2154; x_wconf 77' lang='grc' dir='ltr'>δὲ</span> <span class='ocrx_word' id='word_1_97' title='bbox 1199 2091 1425 2168; x_wconf 83' lang='lat' dir='ltr'>nominantur,</span> 
     </span>
     <span class='ocr_line' id='line_1_13' title="bbox 309 2216 1421 2305; baseline -0.003 -24"><span class='ocrx_word' id='word_1_98' title='bbox 309 2219 457 2281; x_wconf 85' lang='lat' dir='ltr'>Eleusim</span> <span class='ocrx_word' id='word_1_99' title='bbox 489 2217 524 2280; x_wconf 92' lang='lat' dir='ltr'>in</span> <span class='ocrx_word' id='word_1_100' title='bbox 557 2217 653 2295; x_wconf 88' lang='lat' dir='ltr'>libro,</span> <span class='ocrx_word' id='word_1_101' title='bbox 685 2237 783 2300; x_wconf 95' lang='lat' dir='ltr'>quem</span> <span class='ocrx_word' id='word_1_102' title='bbox 816 2219 854 2281; x_wconf 90' lang='lat' dir='ltr'>de</span> <span class='ocrx_word' id='word_1_103' title='bbox 883 2217 1011 2305; x_wconf 85' lang='lat' dir='ltr'>Achille</span> <span class='ocrx_word' id='word_1_104' title='bbox 1034 2216 1171 2300; x_wconf 81' lang='lat' dir='ltr'>scripsit,</span> <span class='ocrx_word' id='word_1_105' title='bbox 1195 2217 1421 2280; x_wconf 89' lang='lat' dir='ltr'>Alexandrum</span> 
     </span>
     <span class='ocr_line' id='line_1_14' title="bbox 310 2329 1428 2426; baseline -0.002 -19"><span class='ocrx_word' id='word_1_106' title='bbox 310 2345 485 2424; x_wconf 85' lang='lat' dir='ltr'>Myndiurn</span> <span class='ocrx_word' id='word_1_107' title='bbox 512 2344 571 2424; x_wconf 82' lang='lat' dir='ltr'>(ita</span> <span class='ocrx_word' id='word_1_108' title='bbox 595 2329 717 2408; x_wconf 91' lang='lat' dir='ltr'>nomen</span> <span class='ocrx_word' id='word_1_109' title='bbox 741 2346 950 2408; x_wconf 87' lang='lat' dir='ltr'>scribendum</span> <span class='ocrx_word' id='word_1_110' title='bbox 975 2364 1053 2422; x_wconf 89' lang='lat' dir='ltr'>esse,</span> <span class='ocrx_word' id='word_1_111' title='bbox 1075 2364 1141 2409; x_wconf 93' lang='lat' dir='ltr'>non</span> <span class='ocrx_word' id='word_1_112' title='bbox 1162 2340 1428 2426; x_wconf 68' lang='lat' dir='ltr'>&#39;Ans&#39;Suaquem-</span> 
     </span>
     <span class='ocr_line' id='line_1_15' title="bbox 311 2463 1429 2556; baseline -0.002 -23"><span class='ocrx_word' id='word_1_113' title='bbox 311 2463 487 2536; x_wconf 85' lang='lat' dir='ltr'>admodum</span> <span class='ocrx_word' id='word_1_114' title='bbox 514 2472 601 2555; x_wconf 90' lang='lat' dir='ltr'>apud</span> <span class='ocrx_word' id='word_1_115' title='bbox 625 2474 804 2555; x_wconf 83' lang='lat' dir='ltr'>Diogenem</span> <span class='ocrx_word' id='word_1_116' title='bbox 827 2473 958 2556; x_wconf 89' lang='lat' dir='ltr'>legitur,</span> <span class='ocrx_word' id='word_1_117' title='bbox 979 2493 1019 2536; x_wconf 88' lang='lat' dir='ltr'>ex</span> <span class='ocrx_word' id='word_1_118' title='bbox 1041 2471 1154 2535; x_wconf 85' lang='lat' dir='ltr'>multis</span> <span class='ocrx_word' id='word_1_119' title='bbox 1174 2469 1335 2535; x_wconf 82' lang='lat' dir='ltr'>Athenaei</span> <span class='ocrx_word' id='word_1_120' title='bbox 1349 2471 1429 2534; x_wconf 91' lang='lat' dir='ltr'>locis</span> 
     </span>
     <span class='ocr_line' id='line_1_16' title="bbox 309 2596 1429 2682; baseline -0.002 -22"><span class='ocrx_word' id='word_1_121' title='bbox 309 2600 410 2682; x_wconf 90' lang='lat' dir='ltr'>patet)</span> <span class='ocrx_word' id='word_1_122' title='bbox 435 2599 470 2660; x_wconf 93' lang='lat' dir='ltr'>in</span> <span class='ocrx_word' id='word_1_123' title='bbox 495 2617 583 2663; x_wconf 91' lang='lat' dir='ltr'>nono</span> <span class='ocrx_word' id='word_1_124' title='bbox 608 2597 847 2662; x_wconf 86' lang='lat' dir='ltr'>Fabulosorum</span> <span class='ocrx_word' id='word_1_125' title='bbox 874 2599 958 2663; x_wconf 90' lang='lat' dir='ltr'>libro</span> <span class='ocrx_word' id='word_1_126' title='bbox 979 2606 1011 2661; x_wconf 88' lang='lat' dir='ltr'>et</span> <span class='ocrx_word' id='word_1_127' title='bbox 1031 2597 1276 2662; x_wconf 81' lang='lat' dir='ltr'>Callimachum</span> <span class='ocrx_word' id='word_1_128' title='bbox 1298 2596 1332 2659; x_wconf 91' lang='lat' dir='ltr'>in</span> <span class='ocrx_word' id='word_1_129' title='bbox 1344 2599 1429 2680; x_wconf 87' lang='lat' dir='ltr'>jarn-</span> 
     </span>
    </p>
   </div>
   <div class='ocr_carea' id='block_1_3' title="bbox 311 2719 1528 2814">
    <p class='ocr_par' dir='ltr' id='par_1_3' title="bbox 311 2719 1528 2814">
     <span class='ocr_line' id='line_1_17' title="bbox 311 2719 1528 2814; baseline -0.001 -30"><span class='ocrx_word' id='word_1_130' title='bbox 311 2723 369 2801; x_wconf 86' lang='lat' dir='ltr'>bis,</span> <span class='ocrx_word' id='word_1_131' title='bbox 404 2723 464 2804; x_wconf 85' lang='lat' dir='ltr'>qui¹</span> <span class='ocrx_word' id='word_1_132' title='bbox 482 2743 555 2785; x_wconf 80' lang='lat' dir='ltr'>sua</span> <span class='ocrx_word' id='word_1_133' title='bbox 585 2724 713 2805; x_wconf 88' lang='lat' dir='ltr'>accepit</span> <span class='ocrx_word' id='word_1_134' title='bbox 743 2743 763 2785; x_wconf 91' lang='lat' dir='ltr'>a</span> <span class='ocrx_word' id='word_1_135' title='bbox 797 2723 959 2787; x_wconf 88' lang='lat' dir='ltr'>Leandrio</span> <span class='ocrx_word' id='word_1_136' title='bbox 992 2721 1226 2814; x_wconf 74' lang='lat' dir='ltr'>(hlaeandrioil</span> <span class='ocrx_word' id='word_1_137' title='bbox 1252 2723 1379 2785; x_wconf 87' lang='lat' dir='ltr'>Milesio</span> <span class='ocrx_word' id='word_1_138' title='bbox 1394 2719 1427 2804; x_wconf 76' lang='grc' dir='ltr'>Ι).</span> <span class='ocrx_word' id='word_1_139' title='bbox 1524 2777 1528 2783; x_wconf 92' lang='lat'><em>.</em></span> 
     </span>
    </p>
   </div>
   <div class='ocr_carea' id='block_1_4' title="bbox 311 2833 1429 3054">
    <p class='ocr_par' dir='ltr' id='par_1_4' title="bbox 311 2833 1429 3054">
     <span class='ocr_line' id='line_1_18' title="bbox 315 2833 1428 2930; baseline 0.002 -22"><span class='ocrx_word' id='word_1_140' title='bbox 315 2845 477 2930; x_wconf 85' lang='lat' dir='ltr'>Diogenes</span> <span class='ocrx_word' id='word_1_141' title='bbox 511 2847 663 2910; x_wconf 71' lang='lat' dir='ltr'>Laertius</span> <span class='ocrx_word' id='word_1_142' title='bbox 694 2833 787 2910; x_wconf 83' lang='lat' dir='ltr'>nobis</span> <span class='ocrx_word' id='word_1_143' title='bbox 818 2848 962 2920; x_wconf 77' lang='lat' dir='ltr'>servavit</span> <span class='ocrx_word' id='word_1_144' title='bbox 994 2847 1165 2910; x_wconf 89' lang='lat' dir='ltr'>oraculum</span> <span class='ocrx_word' id='word_1_145' title='bbox 1198 2847 1240 2910; x_wconf 91' lang='lat' dir='ltr'>ah</span> <span class='ocrx_word' id='word_1_146' title='bbox 1272 2846 1428 2929; x_wconf 83' lang='lat' dir='ltr'>Apolline</span> 
     </span>
     <span class='ocr_line' id='line_1_19' title="bbox 311 2972 1429 3054; baseline 0.003 -21"><span class='ocrx_word' id='word_1_147' title='bbox 311 2973 448 3035; x_wconf 85' lang='lat' dir='ltr'>Milesiis</span> <span class='ocrx_word' id='word_1_148' title='bbox 470 2973 596 3048; x_wconf 90' lang='lat' dir='ltr'>datum,</span> <span class='ocrx_word' id='word_1_149' title='bbox 621 2974 656 3036; x_wconf 92' lang='lat' dir='ltr'>in</span> <span class='ocrx_word' id='word_1_150' title='bbox 680 2992 744 3054; x_wconf 90' lang='lat' dir='ltr'>quo</span> <span class='ocrx_word' id='word_1_151' title='bbox 769 2979 880 3035; x_wconf 86' lang='lat' dir='ltr'>tamen</span> <span class='ocrx_word' id='word_1_152' title='bbox 907 2973 988 3036; x_wconf 87' lang='lat' dir='ltr'>latet</span> <span class='ocrx_word' id='word_1_153' title='bbox 1010 2973 1143 3051; x_wconf 85' lang='lat' dir='ltr'>vitium,</span> <span class='ocrx_word' id='word_1_154' title='bbox 1163 2974 1249 3054; x_wconf 90' lang='lat' dir='ltr'>quod</span> <span class='ocrx_word' id='word_1_155' title='bbox 1270 2972 1429 3036; x_wconf 84' lang='lat' dir='ltr'>facillime</span> 
     </span>
    </p>
   </div>
   <div class='ocr_carea' id='block_1_5' title="bbox 311 3085 832 3181">
    <p class='ocr_par' dir='ltr' id='par_1_5' title="bbox 311 3085 832 3181">
     <span class='ocr_line' id='line_1_20' title="bbox 311 3085 832 3181; baseline 0 -21"><span class='ocrx_word' id='word_1_156' title='bbox 311 3098 383 3160; x_wconf 89' lang='lat' dir='ltr'>lolli</span> <span class='ocrx_word' id='word_1_157' title='bbox 407 3104 523 3180; x_wconf 86' lang='lat' dir='ltr'>potest.</span> <span class='ocrx_word' id='word_1_158' title='bbox 549 3099 640 3181; x_wconf 90' lang='lat' dir='ltr'>Diog.</span> <span class='ocrx_word' id='word_1_159' title='bbox 663 3098 689 3175; x_wconf 86' lang='grc' dir='ltr'>Ι,</span> <span class='ocrx_word' id='word_1_160' title='bbox 715 3093 773 3160; x_wconf 72' lang='lat' dir='ltr'>asi</span> <span class='ocrx_word' id='word_1_161' title='bbox 830 3085 832 3090; x_wconf 40' lang='lat'><strong>¹</strong></span> 
     </span>
    </p>
   </div>
   <div class='ocr_carea' id='block_1_6' title="bbox 466 3242 1293 3454">
    <p class='ocr_par' dir='ltr' id='par_1_6' title="bbox 466 3242 1293 3454">
     <span class='ocr_line' id='line_1_21' title="bbox 466 3242 1278 3328; baseline 0 -20"><span class='ocrx_word' id='word_1_162' title='bbox 466 3242 593 3324; x_wconf 73' lang='grc' dir='ltr'><em>’Έκγοοε</em></span> <span class='ocrx_word' id='word_1_163' title='bbox 616 3248 762 3322; x_wconf 67' lang='grc' dir='ltr'><em>Μιλήτου,</em></span> <span class='ocrx_word' id='word_1_164' title='bbox 787 3246 916 3327; x_wconf 75' lang='grc' dir='ltr'>τρίποδος</span> <span class='ocrx_word' id='word_1_165' title='bbox 940 3245 1002 3327; x_wconf 76' lang='grc' dir='ltr'><em>τίοι</em></span> <span class='ocrx_word' id='word_1_166' title='bbox 1027 3245 1134 3324; x_wconf 77' lang='grc' dir='ltr'><em>Φοῖβον</em></span> <span class='ocrx_word' id='word_1_167' title='bbox 1156 3246 1278 3328; x_wconf 75' lang='grc' dir='ltr'><em>ἕρωτᾷςς</em></span> 
     </span>
     <span class='ocr_line' id='line_1_22' title="bbox 482 3371 1293 3454; baseline 0 -19"><span class='ocrx_word' id='word_1_168' title='bbox 482 3371 520 3435; x_wconf 91' lang='grc' dir='ltr'>τί</span> <span class='ocrx_word' id='word_1_169' title='bbox 528 3396 542 3442; x_wconf 78' lang='grc' dir='ltr'><strong><em>ς</em></strong></span> <span class='ocrx_word' id='word_1_170' title='bbox 566 3371 653 3454; x_wconf 67' lang='grc' dir='ltr'><em>σοφίῃ</em></span> <span class='ocrx_word' id='word_1_171' title='bbox 678 3371 795 3437; x_wconf 82' lang='grc' dir='ltr'><em>τοίντων</em></span> <span class='ocrx_word' id='word_1_172' title='bbox 819 3377 927 3454; x_wconf 76' lang='grc' dir='ltr'><em>πρῶτος</em></span> <span class='ocrx_word' id='word_1_173' title='bbox 950 3371 1051 3437; x_wconf 80' lang='grc' dir='ltr'><em>τούτου</em></span> <span class='ocrx_word' id='word_1_174' title='bbox 1074 3372 1182 3453; x_wconf 75' lang='grc' dir='ltr'><em>τρίποδ’</em></span> <span class='ocrx_word' id='word_1_175' title='bbox 1207 3372 1293 3437; x_wconf 71' lang='grc' dir='ltr'><strong><em>αὐδῶ.</em></strong></span> 
     </span>
    </p>
   </div>
   <div class='ocr_carea' id='block_1_7' title="bbox 309 3627 1428 3978">
    <p class='ocr_par' dir='ltr' id='par_1_7' title="bbox 309 3627 1428 3978">
     <span class='ocr_line' id='line_1_23' title="bbox 345 3627 1428 3695; baseline 0 -12"><span class='ocrx_word' id='word_1_176' title='bbox 345 3629 365 3693; x_wconf 90' lang='lat'>¹)</span> <span class='ocrx_word' id='word_1_177' title='bbox 384 3629 627 3684; x_wconf 76' lang='lat' dir='ltr'>commemorantur</span> <span class='ocrx_word' id='word_1_178' title='bbox 649 3627 699 3682; x_wconf 91' lang='lat' dir='ltr'>duo</span> <span class='ocrx_word' id='word_1_179' title='bbox 722 3631 841 3682; x_wconf 88' lang='lat' dir='ltr'>auctores</span> <span class='ocrx_word' id='word_1_180' title='bbox 859 3627 890 3682; x_wconf 91' lang='lat' dir='ltr'>de</span> <span class='ocrx_word' id='word_1_181' title='bbox 908 3628 985 3682; x_wconf 91' lang='lat' dir='ltr'>rebus</span> <span class='ocrx_word' id='word_1_182' title='bbox 1004 3628 1153 3694; x_wconf 86' lang='lat' dir='ltr'>lllilesiacis,</span> <span class='ocrx_word' id='word_1_183' title='bbox 1170 3629 1238 3683; x_wconf 89' lang='lat' dir='ltr'>alter</span> <span class='ocrx_word' id='word_1_184' title='bbox 1255 3629 1428 3695; x_wconf 79' lang='lat' dir='ltr'>Maeandrius,</span> 
     </span>
     <span class='ocr_line' id='line_1_24' title="bbox 310 3719 1428 3790; baseline 0.002 -17"><span class='ocrx_word' id='word_1_185' title='bbox 310 3721 378 3774; x_wconf 88' lang='lat' dir='ltr'>alter</span> <span class='ocrx_word' id='word_1_186' title='bbox 394 3720 537 3774; x_wconf 84' lang='lat' dir='ltr'>Leandrius</span> <span class='ocrx_word' id='word_1_187' title='bbox 554 3721 608 3774; x_wconf 84' lang='lat' dir='ltr'>sire</span> <span class='ocrx_word' id='word_1_188' title='bbox 627 3719 756 3774; x_wconf 87' lang='lat' dir='ltr'>Leander:</span> <span class='ocrx_word' id='word_1_189' title='bbox 775 3736 885 3781; x_wconf 80' lang='lat' dir='ltr'>..verum</span> <span class='ocrx_word' id='word_1_190' title='bbox 904 3737 982 3790; x_wconf 87' lang='lat' dir='ltr'>quum</span> <span class='ocrx_word' id='word_1_191' title='bbox 1000 3720 1050 3774; x_wconf 89' lang='lat' dir='ltr'>dno</span> <span class='ocrx_word' id='word_1_192' title='bbox 1067 3721 1120 3774; x_wconf 87' lang='lat' dir='ltr'>ista</span> <span class='ocrx_word' id='word_1_193' title='bbox 1136 3721 1242 3774; x_wconf 88' lang='lat' dir='ltr'>nomina</span> <span class='ocrx_word' id='word_1_194' title='bbox 1255 3721 1289 3775; x_wconf 91' lang='lat' dir='ltr'>cb</span> <span class='ocrx_word' id='word_1_195' title='bbox 1303 3721 1428 3776; x_wconf 86' lang='lat' dir='ltr'>similito-</span> 
     </span>
     <span class='ocr_line' id='line_1_25' title="bbox 310 3809 1428 3882; baseline 0.001 -18"><span class='ocrx_word' id='word_1_196' title='bbox 310 3811 396 3864; x_wconf 90' lang='lat' dir='ltr'>dinem</span> <span class='ocrx_word' id='word_1_197' title='bbox 421 3809 543 3864; x_wconf 83' lang='lat' dir='ltr'>confundi</span> <span class='ocrx_word' id='word_1_198' title='bbox 566 3810 690 3864; x_wconf 84' lang='lat' dir='ltr'>facillime</span> <span class='ocrx_word' id='word_1_199' title='bbox 710 3814 825 3880; x_wconf 76' lang='lat' dir='ltr'>possent,</span> <span class='ocrx_word' id='word_1_200' title='bbox 844 3809 937 3864; x_wconf 89' lang='lat' dir='ltr'>deinde</span> <span class='ocrx_word' id='word_1_201' title='bbox 954 3827 1014 3865; x_wconf 85' lang='lat' dir='ltr'>vero</span> <span class='ocrx_word' id='word_1_202' title='bbox 1031 3813 1116 3865; x_wconf 84' lang='lat' dir='ltr'>forma</span> <span class='ocrx_word' id='word_1_203' title='bbox 1133 3813 1264 3874; x_wconf 75' lang='grc' dir='ltr'><em>Λεάνδριος,</em></span> <span class='ocrx_word' id='word_1_204' title='bbox 1281 3829 1346 3882; x_wconf 87' lang='lat' dir='ltr'>quae</span> <span class='ocrx_word' id='word_1_205' title='bbox 1364 3812 1428 3866; x_wconf 89' lang='lat' dir='ltr'>locis</span> 
     </span>
     <span class='ocr_line' id='line_1_26' title="bbox 309 3901 1428 3978; baseline 0.003 -24"><span class='ocrx_word' id='word_1_206' title='bbox 309 3901 429 3970; x_wconf 92' lang='lat' dir='ltr'>plurimis</span> <span class='ocrx_word' id='word_1_207' title='bbox 452 3901 563 3964; x_wconf 84' lang='lat' dir='ltr'>obtinet,</span> <span class='ocrx_word' id='word_1_208' title='bbox 587 3905 721 3968; x_wconf 85' lang='lat' dir='ltr'>tamqnam</span> <span class='ocrx_word' id='word_1_209' title='bbox 744 3918 838 3955; x_wconf 90' lang='lat' dir='ltr'>nomen</span> <span class='ocrx_word' id='word_1_210' title='bbox 857 3902 989 3970; x_wconf 90' lang='lat' dir='ltr'>proprium</span> <span class='ocrx_word' id='word_1_211' title='bbox 1007 3919 1142 3972; x_wconf 83' lang='lat' dir='ltr'>nusquam,</span> <span class='ocrx_word' id='word_1_212' title='bbox 1161 3907 1290 3978; x_wconf 70' lang='lat' dir='ltr'>qnatenus</span> <span class='ocrx_word' id='word_1_213' title='bbox 1308 3902 1428 3972; x_wconf 86' lang='lat' dir='ltr'>equidem</span> 
     </span>
    </p>
   </div>
   <div class='ocr_carea' id='block_1_8' title="bbox 198 3993 1525 4063">
    <p class='ocr_par' dir='ltr' id='par_1_8' title="bbox 198 3993 1525 4063">
     <span class='ocr_line' id='line_1_27' title="bbox 198 3993 1525 4063; baseline 0 -15"><span class='ocrx_word' id='word_1_214' title='bbox 198 3993 201 4002; x_wconf 66' lang='lat'><strong>⁴</strong></span> <span class='ocrx_word' id='word_1_215' title='bbox 310 3993 372 4056; x_wconf 84' lang='lat' dir='ltr'>scio,</span> <span class='ocrx_word' id='word_1_216' title='bbox 396 3997 527 4047; x_wconf 88' lang='lat' dir='ltr'>occurrat:</span> <span class='ocrx_word' id='word_1_217' title='bbox 551 3993 768 4047; x_wconf 82' lang='lat' dir='ltr'>verisimillimum</span> <span class='ocrx_word' id='word_1_218' title='bbox 794 4009 856 4046; x_wconf 85' lang='lat' dir='ltr'>sane</span> <span class='ocrx_word' id='word_1_219' title='bbox 879 3997 920 4048; x_wconf 88' lang='lat' dir='ltr'>est</span> <span class='ocrx_word' id='word_1_220' title='bbox 943 3993 1097 4063; x_wconf 81' lang='lat' dir='ltr'>fragmenta,</span> <span class='ocrx_word' id='word_1_221' title='bbox 1115 4010 1180 4063; x_wconf 85' lang='lat' dir='ltr'>quae</span> <span class='ocrx_word' id='word_1_222' title='bbox 1198 3999 1228 4048; x_wconf 88' lang='lat' dir='ltr'>de</span> <span class='ocrx_word' id='word_1_223' title='bbox 1245 3995 1324 4049; x_wconf 90' lang='lat' dir='ltr'>rebus</span> <span class='ocrx_word' id='word_1_224' title='bbox 1341 3995 1429 4050; x_wconf 85' lang='lat' dir='ltr'>Mileti</span> <span class='ocrx_word' id='word_1_225' title='bbox 1522 4003 1525 4010; x_wconf 58' lang='lat'>¹</span> 
     </span>
    </p>
   </div>
   <div class='ocr_carea' id='block_1_9' title="bbox 310 4084 1429 4152">
    <p class='ocr_par' dir='ltr' id='par_1_9' title="bbox 310 4084 1429 4152">
     <span class='ocr_line' id='line_1_28' title="bbox 310 4084 1429 4152; baseline 0.003 -16"><span class='ocrx_word' id='word_1_226' title='bbox 310 4085 421 4152; x_wconf 79' lang='lat' dir='ltr'>aliisque</span> <span class='ocrx_word' id='word_1_227' title='bbox 445 4085 522 4138; x_wconf 89' lang='lat' dir='ltr'>Asiae</span> <span class='ocrx_word' id='word_1_228' title='bbox 546 4085 654 4138; x_wconf 90' lang='lat' dir='ltr'>minoris</span> <span class='ocrx_word' id='word_1_229' title='bbox 672 4085 822 4152; x_wconf 87' lang='lat' dir='ltr'>regionibus</span> <span class='ocrx_word' id='word_1_230' title='bbox 841 4101 871 4138; x_wconf 82' lang='lat' dir='ltr'>er</span> <span class='ocrx_word' id='word_1_231' title='bbox 885 4084 1035 4138; x_wconf 85' lang='lat' dir='ltr'>Maeandrio</span> <span class='ocrx_word' id='word_1_232' title='bbox 1053 4086 1094 4139; x_wconf 86' lang='lat' dir='ltr'>vel</span> <span class='ocrx_word' id='word_1_233' title='bbox 1109 4084 1236 4139; x_wconf 81' lang='lat' dir='ltr'>Leandrio</span> <span class='ocrx_word' id='word_1_234' title='bbox 1253 4086 1295 4140; x_wconf 85' lang='lat' dir='ltr'>rel</span> <span class='ocrx_word' id='word_1_235' title='bbox 1311 4085 1429 4140; x_wconf 88' lang='lat' dir='ltr'>Leandro</span> 
     </span>
    </p>
   </div>
   <div class='ocr_carea' id='block_1_10' title="bbox 215 4167 1428 4254">
    <p class='ocr_par' dir='ltr' id='par_1_10' title="bbox 215 4167 1428 4254">
     <span class='ocr_line' id='line_1_29' title="bbox 215 4167 1428 4254; baseline 0.002 -26"><span class='ocrx_word' id='word_1_236' title='bbox 215 4169 219 4174; x_wconf 76' lang='grc'>’</span> <span class='ocrx_word' id='word_1_237' title='bbox 309 4177 433 4241; x_wconf 86' lang='lat' dir='ltr'>citantur,</span> <span class='ocrx_word' id='word_1_238' title='bbox 453 4176 497 4228; x_wconf 93' lang='lat' dir='ltr'>uni</span> <span class='ocrx_word' id='word_1_239' title='bbox 515 4167 650 4254; x_wconf 69' lang='lat' dir='ltr'>eidemque</span> <span class='ocrx_word' id='word_1_240' title='bbox 670 4176 771 4229; x_wconf 90' lang='lat' dir='ltr'>auctori</span> <span class='ocrx_word' id='word_1_241' title='bbox 786 4191 842 4229; x_wconf 87' lang='lat' dir='ltr'>esse</span> <span class='ocrx_word' id='word_1_242' title='bbox 857 4175 1023 4240; x_wconf 83' lang='lat' dir='ltr'>vindicanda3</span> <span class='ocrx_word' id='word_1_243' title='bbox 1037 4176 1170 4248; x_wconf 71' lang='lat' dir='ltr'>nominum</span> <span class='ocrx_word' id='word_1_244' title='bbox 1180 4189 1241 4231; x_wconf 81' lang='lat' dir='ltr'>vcro</span> <span class='ocrx_word' id='word_1_245' title='bbox 1250 4178 1428 4231; x_wconf 86' lang='lat' dir='ltr'>confusionom</span> 
     </span>
    </p>
   </div>
   <div class='ocr_carea' id='block_1_11' title="bbox 310 4265 1427 4427">
    <p class='ocr_par' dir='ltr' id='par_1_11' title="bbox 310 4265 1427 4427">
     <span class='ocr_line' id='line_1_30' title="bbox 310 4265 1427 4338; baseline 0.003 -20"><span class='ocrx_word' id='word_1_246' title='bbox 310 4266 370 4320; x_wconf 90' lang='lat' dir='ltr'>inde</span> <span class='ocrx_word' id='word_1_247' title='bbox 387 4265 570 4335; x_wconf 82' lang='lat' dir='ltr'>explicandam,</span> <span class='ocrx_word' id='word_1_248' title='bbox 586 4266 655 4333; x_wconf 90' lang='lat' dir='ltr'>quod</span> <span class='ocrx_word' id='word_1_249' title='bbox 673 4265 783 4319; x_wconf 85' lang='lat' dir='ltr'>Leandri</span> <span class='ocrx_word' id='word_1_250' title='bbox 801 4283 894 4320; x_wconf 89' lang='lat' dir='ltr'>nomen</span> <span class='ocrx_word' id='word_1_251' title='bbox 913 4267 996 4320; x_wconf 92' lang='lat' dir='ltr'>multo</span> <span class='ocrx_word' id='word_1_252' title='bbox 1012 4269 1101 4322; x_wconf 89' lang='lat' dir='ltr'>notius</span> <span class='ocrx_word' id='word_1_253' title='bbox 1119 4268 1213 4322; x_wconf 84' lang='lat' dir='ltr'>esset.&#39;&#39;</span> <span class='ocrx_word' id='word_1_254' title='bbox 1230 4268 1332 4334; x_wconf 81' lang='lat' dir='ltr'>Mliller,</span> <span class='ocrx_word' id='word_1_255' title='bbox 1350 4270 1427 4338; x_wconf 82' lang='lat' dir='ltr'>frgrn.</span> 
     </span>
     <span class='ocr_line' id='line_1_31' title="bbox 312 4357 661 4427; baseline -0.009 -15"><span class='ocrx_word' id='word_1_256' title='bbox 312 4357 382 4412; x_wconf 86' lang='lat' dir='ltr'>Hist.</span> <span class='ocrx_word' id='word_1_257' title='bbox 400 4361 491 4414; x_wconf 75' lang='lat' dir='ltr'>Graec.</span> <span class='ocrx_word' id='word_1_258' title='bbox 510 4358 547 4422; x_wconf 92' lang='lat' dir='ltr'>lI,</span> <span class='ocrx_word' id='word_1_259' title='bbox 563 4373 587 4427; x_wconf 89' lang='lat' dir='ltr'>p.</span> <span class='ocrx_word' id='word_1_260' title='bbox 605 4359 661 4412; x_wconf 76' lang='lat'>334.</span> 
     </span>
    </p>
   </div>
   <div class='ocr_carea' id='block_1_12' title="bbox 0 0 1684 5228">
    <p class='ocr_par' dir='ltr' id='par_1_12' title="bbox 0 0 1684 5228">
     <span class='ocr_line' id='line_1_32' title="bbox 0 0 1684 5228; baseline 0 0"><span class='ocrx_word' id='word_1_261' title='bbox 0 0 1684 5228; x_wconf 95' lang='lat' dir='ltr'> </span> 
     </span>
    </p>
   </div>
  </div>
 </body>
</html>
