3360 5228
830 535 871 596 14

153 753 158 762 '
201 765 208 782 ·
295 745 411 830 Oedipi
445 748 487 810 ad
521 743 720 828 Antigonam
756 745 791 807 iu
826 764 978 808 scaenam
1015 746 1243 829 prodeuntem.
1264 725 1410 830 ‚Optime

295 873 399 954 igitur
429 891 462 935 se
493 871 592 934 habet
623 871 721 934 lectio
753 870 898 952 vulgata,
930 871 1117 936 mutatione
1141 865 1226 934 nihil
1249 887 1329 954 opus
1352 877 1410 935 est.

295 995 394 1078 Quid,
418 998 445 1060 si
468 1003 636 1080 praeterea
659 1001 795 1078 apparet
817 995 994 1060 lectionem
1018 995 1189 1060 aReiskio
1208 999 1407 1080 propositam
1454 1023 1477 1030 ·’

294 1123 391 1206 plane
419 1123 573 1188 vitiosam
603 1141 670 1186 esse
703 1127 802 1204 atque
828 1123 1053 1212 ¹abhorreres
1076 1104 1241 1187 constanti
1264 1123 1410 1188 Graecae

295 1225 430 1330 linguae
461 1248 542 1312 usu?
572 1249 631 1324 Est
662 1249 751 1311 enim
786 1249 958 1312 notissimo
988 1247 1041 1312 lex
1063 1254 1241 1330 syntaxeos
1266 1249 1411 1314 Graecae
1466 1236 1468 1244 ¹

293 1381 366 1458 post
389 1381 518 1458 tempus
536 1359 751 1458 praeteritum
775 1375 811 1436 in
831 1375 1004 1455 sententia,
1017 1393 1104 1460 quae
1123 1375 1265 1457 pendeat
1277 1396 1297 1439 a
1309 1369 1409 1442 verbd

291 1501 509 1584 praecedenti,
532 1501 656 1582 requiri
681 1501 865 1581 optativum
887 1507 951 1564 aut
974 1473 1206 1580 indicativum,
1228 1505 1410 1588 conjuncti-

295 1648 372 1691 vum
409 1632 539 1690 tontum
570 1627 712 1703 admitti,
743 1627 800 1690 ubi
831 1626 1044 1692 indicandum
1079 1629 1130 1707 sit,
1154 1630 1235 1712 quid
1259 1631 1411 1694 debeat

294 1773 371 1830 esse,
408 1753 466 1816 ubi
499 1753 534 1815 in
569 1749 780 1834 conjunctivo
815 1753 906 1816 notio
938 1753 1223 1818 deliberandi
1251 1757 1340 1834 insit,
1372 1761 1411 1819 ut

294 1880 380 1962 apud
410 1878 513 1941 Thuc.
545 1877 586 1954 ΙΙ,
617 1879 655 1938 4:
686 1875 710 1939 oi
738 1883 894 1950 Πλοιτοοιῆς
925 1876 1110 1954 ἐβουλεύοντο
1132 1875 1189 1943 εἴτε
1212 1879 1410 1945 saranati-

293 2026 384 2067 σιοσι
408 2005 461 2087 (sc.
485 2001 551 2073 τοὺς
571 2000 739 2086 Θηβοάονς)
762 1997 855 2082 ὥσπερ
875 1998 1000 2080 ἔχουσιν,
1022 2003 1225 2090 ἐμπρήσαντες
1244 2006 1277 2070 τὸ
1290 2003 1408 2084 οἴκημά,

294 2127 350 2194 εἴτε
379 2152 407 2192 τι
436 2125 511 2192 άλλο
542 2127 781 2208 χρήσωνται,
813 2134 845 2191 et
876 2129 963 2211 apud
988 2130 1108 2194 Herod.
1133 2130 1176 2210 11,
1202 2133 1260 2195 52:
1285 2130 1349 2194 ἐπεὶ
1374 2126 1410 2195 ὦν

294 2251 551 2334 ἐχρηστηριάζοντο
581 2252 611 2315 ἕν
641 2259 677 2332 τῇ
703 2252 826 2332 Δωδώνη
846 2251 870 2316 οἱ
892 2247 1101 2330 Πελιισνά,ἐὶ
1128 2253 1347 2320 άνὲλωντοοι
1370 2255 1411 2319 τά

292 2379 443 2458 οὐνόματά
472 2379 514 2444 τά
540 2379 600 2442 άπὸ
623 2383 679 2442 τῶν
702 2377 859 2460 βαρβάρων
883 2377 1001 2454 ἥκοντά.
1025 2382 1088 2446 Sed
1111 2390 1221 2447 nostro
1243 2383 1313 2448 lodo
1336 2403 1409 2448 eon-

289 2508 460 2590 junctivus
496 2506 744 2583 deliberativus,
777 2526 876 2588 quem
909 2516 1038 2586 vocant,
1070 2508 1145 2572 ferri
1176 2528 1307 2590 prorsus
1340 2528 1406 2570 nou

293 2638 407 2716 potest,
437 2640 539 2715 atque
555 2633 672 2716 ¹igitur
702 2631 798 2696 lectio
828 2633 966 2716 vulgata
994 2633 1017 2695 εἰ
1048 2632 1081 2706 δή
1105 2656 1133 2696 τι
1156 2632 1250 2697 κιοινόν
1275 2635 1405 2718 integra
1456 2629 1459 2642 '

294 2759 513 2840 relinquenda
535 2762 593 2821 est.

336 3007 385 3072 lb.
412 3007 463 3070 16.
488 2993 674 3082 ὑποβάλλειν.
700 3004 811 3081 Recte,
836 3010 873 3067 ut
895 3007 979 3068 mihi
1001 3008 1133 3091 quidem
1156 3010 1295 3088 videtur,
1319 3011 1409 3074 Reis-

201 3137 204 3150 '
293 3133 369 3196 kius
400 3129 561 3208 ὑποβπλεῖν
592 3129 682 3193 dedit
705 3148 764 3212 pro
789 3127 976 3206 ὑποβάλλειν.
993 3133 1109 3218 ,Hujus
1132 3136 1221 3198 enim
1248 3134 1409 3199 infinitivi

293 3278 424 3342 prorsus
455 3260 568 3324 eadem
600 3259 684 3323 ratio
716 3265 763 3324 est
790 3265 889 3343 atque
912 3260 1054 3324 aliorum
1080 3260 1176 3342 hujus
1199 3261 1327 3342 capitis,
1351 3261 1409 3342 qui
1460 3269 1463 3274 “

294 3405 407 3450 omnes
429 3384 543 3448 aoriati
566 3383 660 3447 sunt:
685 3391 839 3458 σιωπῆσαν,
859 3382 1092 3465 ποιοάσκενάσοοι,
1113 3384 1212 3458 εἰπεῖν,
1234 3383 1329 3466 aava
1349 3388 1410 3469 (ter

293 3510 461 3593 positum),
485 3507 617 3589 ὁρμῆσοιι.
643 3510 780 3574 Necesse
803 3511 904 3592 igitur
923 3515 970 3576 est
989 3511 1091 3574 etiam
1113 3511 1317 3575 hieaoristus
1332 3512 1410 3575 sori-
1452 3561 1455 3570 .
1547 3517 1550 3524 '

297 3637 403 3713 batur,
427 3654 530 3717 quum
555 3635 739 3717 significare
763 3636 880 3700 debeat
903 3656 971 3700 rem
996 3637 1097 3700 semel
1123 3641 1254 3700 tantum
1278 3639 1408 3716 sectam,

295 3782 359 3826 non
383 3781 451 3852 rem
475 3780 533 3843 per
556 3761 690 3844 aliquod
714 3769 845 3844 tempus
867 3763 1109 3840 continuatam,
1132 3762 1220 3860 quod
1240 3763 1410 3845 imperfec-

296 3895 367 3951 tum
399 3886 580 3964 ὑποβάλλειν
603 3888 811 3971 exprimeret.
834 3889 909 3954 Non
933 3895 982 3953 est
1004 3895 1116 3953 eutem
1141 3910 1199 3954 our
1223 3909 1282 3954 nos
1306 3909 1408 3954 more·

212 4033 214 4040 ’
294 4018 351 4075 tur
381 4014 470 4096 quod
502 4014 580 4076 haec
610 4014 705 4079 lec-tio
736 4016 771 4077 in
796 4015 889 4079 nullo
913 4016 1023 4079 codice
1046 4017 1247 4094 inveniatur,
1272 4017 1351 4098 quia
1374 4017 1409 4079 in

294 4138 389 4202 libris
409 4138 641 4220 manuscriptis
661 4141 841 4203 sexcenties
861 4139 1261 4204 confundunturaoristus
1274 4147 1306 4205 et
1318 4158 1409 4224 prae·

294 4283 377 4342 eene,
406 4261 530 4340 βάλλειν
563 4270 595 4328 et
625 4262 739 4341 βοιλεῖν,
772 4262 862 4342 άνεινΙ
884 4273 916 4330 et
944 4267 1083 4344 dpaysir,
1114 4266 1221 4330 λείπειν
1244 4275 1276 4331 et
1300 4273 1395 4330 λιπεῖν
