<?xml version="1.0" encoding="UTF-8"?>
<!DOCTYPE html PUBLIC "-//W3C//DTD XHTML 1.0 Transitional//EN"
    "http://www.w3.org/TR/xhtml1/DTD/xhtml1-transitional.dtd">
<html xmlns="http://www.w3.org/1999/xhtml" xml:lang="en" lang="en">
 <head>
  <title>
</title>
<meta http-equiv="Content-Type" content="text/html;charset=utf-8" />
  <meta name='ocr-system' content='tesseract 3.04.00' />
  <meta name='ocr-capabilities' content='ocr_page ocr_carea ocr_par ocr_line ocrx_word'/>
</head>
<body>
  <div class='ocr_page' id='page_1' title='image "./observationesin00eggigoog/observationesin00eggigoog_0012.png"; bbox 0 0 3360 5228; ppageno 0'>
   <div class='ocr_carea' id='block_1_1' title="bbox 816 567 835 626">
    <p class='ocr_par' dir='ltr' id='par_1_1' title="bbox 816 567 835 626">
     <span class='ocr_line' id='line_1_1' title="bbox 816 567 835 626; baseline 0 0"><span class='ocrx_word' id='word_1_1' title='bbox 816 567 835 626; x_wconf 82' lang='lat'>3</span> 
     </span>
    </p>
   </div>
   <div class='ocr_carea' id='block_1_2' title="bbox 266 767 1386 880">
    <p class='ocr_par' dir='ltr' id='par_1_2' title="bbox 266 767 1386 880">
     <span class='ocr_line' id='line_1_2' title="bbox 266 767 1386 880; baseline 0.016 -50"><span class='ocrx_word' id='word_1_2' title='bbox 266 767 349 836; x_wconf 94' lang='lat' dir='ltr'><strong>illud</strong></span> <span class='ocrx_word' id='word_1_3' title='bbox 380 772 479 835; x_wconf 85' lang='lat' dir='ltr'><strong>scribi</strong></span> <span class='ocrx_word' id='word_1_4' title='bbox 502 778 660 854; x_wconf 74' lang='lat' dir='ltr'><strong>oporteat,</strong></span> <span class='ocrx_word' id='word_1_5' title='bbox 684 793 734 838; x_wconf 88' lang='lat' dir='ltr'><strong>res</strong></span> <span class='ocrx_word' id='word_1_6' title='bbox 759 781 806 839; x_wconf 86' lang='lat' dir='ltr'><strong>est</strong></span> <span class='ocrx_word' id='word_1_7' title='bbox 826 778 1011 875; x_wconf 18' lang='lat' dir='ltr'><strong>notissima.</strong></span> <span class='ocrx_word' id='word_1_8' title='bbox 1025 786 1057 844; x_wconf 90' lang='lat' dir='ltr'><strong>et</strong></span> <span class='ocrx_word' id='word_1_9' title='bbox 1080 783 1253 864; x_wconf 88' lang='lat' dir='ltr'><strong>permultis</strong></span> <span class='ocrx_word' id='word_1_10' title='bbox 1277 804 1386 880; x_wconf 72' lang='lat' dir='ltr'><strong>errem·</strong></span> 
     </span>
    </p>
   </div>
   <div class='ocr_carea' id='block_1_3' title="bbox 170 895 1387 986">
    <p class='ocr_par' dir='ltr' id='par_1_3' title="bbox 170 895 1387 986">
     <span class='ocr_line' id='line_1_3' title="bbox 170 895 1387 986; baseline 0.016 -31"><span class='ocrx_word' id='word_1_11' title='bbox 170 935 175 946; x_wconf 82' lang='lat'><strong>·</strong></span> <span class='ocrx_word' id='word_1_12' title='bbox 266 895 331 977; x_wconf 90' lang='lat' dir='ltr'><strong>plis</strong></span> <span class='ocrx_word' id='word_1_13' title='bbox 355 896 572 961; x_wconf 73' lang='lat' dir='ltr'><strong>demonstrari</strong></span> <span class='ocrx_word' id='word_1_14' title='bbox 596 905 712 981; x_wconf 88' lang='lat' dir='ltr'><strong>potest.</strong></span> <span class='ocrx_word' id='word_1_15' title='bbox 736 901 879 964; x_wconf 83' lang='lat' dir='ltr'><strong>Etiamsi</strong></span> <span class='ocrx_word' id='word_1_16' title='bbox 903 905 1054 986; x_wconf 79' lang='lat' dir='ltr'><strong>analogia</strong></span> <span class='ocrx_word' id='word_1_17' title='bbox 1079 925 1139 970; x_wconf 93' lang='lat' dir='ltr'><strong>nos</strong></span> <span class='ocrx_word' id='word_1_18' title='bbox 1162 928 1230 971; x_wconf 91' lang='lat' dir='ltr'><strong>uon</strong></span> <span class='ocrx_word' id='word_1_19' title='bbox 1255 909 1387 974; x_wconf 85' lang='lat' dir='ltr'><strong>doceret</strong></span> 
     </span>
    </p>
   </div>
   <div class='ocr_carea' id='block_1_4' title="bbox 240 1007 1385 1128">
    <p class='ocr_par' dir='ltr' id='par_1_4' title="bbox 240 1007 1385 1128">
     <span class='ocr_line' id='line_1_4' title="bbox 240 1007 1385 1128; baseline 0.013 -44"><span class='ocrx_word' id='word_1_20' title='bbox 240 1023 406 1086; x_wconf 59' lang='lat' dir='ltr'><strong>domnam</strong></span> <span class='ocrx_word' id='word_1_21' title='bbox 439 1021 628 1101; x_wconf 72' lang='grc' dir='ltr'><strong>Ἀκαδήμεικ</strong></span> <span class='ocrx_word' id='word_1_22' title='bbox 658 1007 763 1128; x_wconf 69' lang='lat' dir='ltr'><strong>solam</strong></span> <span class='ocrx_word' id='word_1_23' title='bbox 782 1031 976 1111; x_wconf 84' lang='lat' dir='ltr'><strong>¹genuinam</strong></span> <span class='ocrx_word' id='word_1_24' title='bbox 1004 1051 1081 1110; x_wconf 87' lang='lat' dir='ltr'><strong>esse,</strong></span> <span class='ocrx_word' id='word_1_25' title='bbox 1106 1038 1216 1098; x_wconf 90' lang='lat' dir='ltr'><strong>tamen</strong></span> <span class='ocrx_word' id='word_1_26' title='bbox 1241 1034 1385 1120; x_wconf 81' lang='lat' dir='ltr'><strong>intelligi</strong></span> 
     </span>
    </p>
   </div>
   <div class='ocr_carea' id='block_1_5' title="bbox 233 1123 1387 1493">
    <p class='ocr_par' dir='ltr' id='par_1_5' title="bbox 233 1123 1387 1493">
     <span class='ocr_line' id='line_1_5' title="bbox 267 1123 1386 1240; baseline 0.013 -29"><span class='ocrx_word' id='word_1_27' title='bbox 267 1154 373 1230; x_wconf 88' lang='lat' dir='ltr'><strong>posset</strong></span> <span class='ocrx_word' id='word_1_28' title='bbox 405 1169 445 1213; x_wconf 84' lang='lat' dir='ltr'><strong>ex</strong></span> <span class='ocrx_word' id='word_1_29' title='bbox 475 1123 645 1214; x_wconf 82' lang='lat' dir='ltr'><strong>nonnullis</strong></span> <span class='ocrx_word' id='word_1_30' title='bbox 677 1155 823 1231; x_wconf 90' lang='lat' dir='ltr'><strong>senariis,</strong></span> <span class='ocrx_word' id='word_1_31' title='bbox 856 1157 914 1237; x_wconf 90' lang='lat' dir='ltr'><strong>qui</strong></span> <span class='ocrx_word' id='word_1_32' title='bbox 945 1159 1033 1240; x_wconf 89' lang='lat' dir='ltr'><strong>apud</strong></span> <span class='ocrx_word' id='word_1_33' title='bbox 1058 1158 1267 1224; x_wconf 80' lang='lat' dir='ltr'><strong>Athenaeum</strong></span> <span class='ocrx_word' id='word_1_34' title='bbox 1293 1163 1386 1225; x_wconf 87' lang='lat' dir='ltr'><strong>inve·</strong></span> 
     </span>
     <span class='ocr_line' id='line_1_6' title="bbox 233 1274 1387 1370; baseline 0.014 -34"><span class='ocrx_word' id='word_1_35' title='bbox 233 1333 238 1344; x_wconf 85' lang='grc'><em>,</em></span> <span class='ocrx_word' id='word_1_36' title='bbox 268 1274 415 1353; x_wconf 87' lang='lat' dir='ltr'><strong>niuutur,</strong></span> <span class='ocrx_word' id='word_1_37' title='bbox 446 1277 505 1340; x_wconf 89' lang='lat' dir='ltr'><strong>ubi</strong></span> <span class='ocrx_word' id='word_1_38' title='bbox 529 1285 671 1342; x_wconf 90' lang='lat' dir='ltr'><strong>metrum</strong></span> <span class='ocrx_word' id='word_1_39' title='bbox 687 1278 831 1342; x_wconf 84' lang='lat' dir='ltr'><strong>&#39;nullum</strong></span> <span class='ocrx_word' id='word_1_40' title='bbox 855 1279 1054 1346; x_wconf 80' lang='lat' dir='ltr'><strong>dubitationi</strong></span> <span class='ocrx_word' id='word_1_41' title='bbox 1077 1285 1187 1348; x_wconf 90' lang='lat' dir='ltr'><strong>locum</strong></span> <span class='ocrx_word' id='word_1_42' title='bbox 1213 1287 1387 1370; x_wconf 83' lang='lat' dir='ltr'><strong>relinquit.</strong></span> 
     </span>
     <span class='ocr_line' id='line_1_7' title="bbox 268 1396 1284 1493; baseline 0.013 -31"><span class='ocrx_word' id='word_1_43' title='bbox 268 1396 409 1485; x_wconf 81' lang='lat' dir='ltr'><strong>Collegit</strong></span> <span class='ocrx_word' id='word_1_44' title='bbox 434 1401 489 1464; x_wconf 87' lang='lat' dir='ltr'><strong>hos</strong></span> <span class='ocrx_word' id='word_1_45' title='bbox 513 1401 608 1466; x_wconf 88' lang='lat' dir='ltr'><strong>locos</strong></span> <span class='ocrx_word' id='word_1_46' title='bbox 624 1399 663 1466; x_wconf 85' lang='lat' dir='ltr'><strong>V.</strong></span> <span class='ocrx_word' id='word_1_47' title='bbox 688 1401 738 1468; x_wconf 84' lang='lat' dir='ltr'><strong>Ol.</strong></span> <span class='ocrx_word' id='word_1_48' title='bbox 762 1402 915 1484; x_wconf 84' lang='lat' dir='ltr'><strong>Cobetus,</strong></span> <span class='ocrx_word' id='word_1_49' title='bbox 939 1407 1024 1470; x_wconf 89' lang='lat' dir='ltr'><strong>Nov.</strong></span> <span class='ocrx_word' id='word_1_50' title='bbox 1050 1409 1152 1474; x_wconf 86' lang='lat' dir='ltr'><strong>Lectt.</strong></span> <span class='ocrx_word' id='word_1_51' title='bbox 1176 1429 1206 1493; x_wconf 89' lang='lat' dir='ltr'><strong>p.</strong></span> <span class='ocrx_word' id='word_1_52' title='bbox 1235 1411 1284 1475; x_wconf 86' lang='grc'><strong>77.</strong></span> 
     </span>
    </p>
   </div>
   <div class='ocr_carea' id='block_1_6' title="bbox 176 1619 1388 2249">
    <p class='ocr_par' dir='ltr' id='par_1_6' title="bbox 176 1619 1388 2249">
     <span class='ocr_line' id='line_1_8' title="bbox 311 1619 1386 1739; baseline 0.013 -29"><span class='ocrx_word' id='word_1_53' title='bbox 311 1648 360 1713; x_wconf 91' lang='lat' dir='ltr'><strong>Ib.</strong></span> <span class='ocrx_word' id='word_1_54' title='bbox 384 1647 408 1711; x_wconf 82' lang='lat' dir='ltr'><strong>ol</strong></span> <span class='ocrx_word' id='word_1_55' title='bbox 430 1646 483 1720; x_wconf 72' lang='lat' dir='ltr'><strong>chr</strong></span> <span class='ocrx_word' id='word_1_56' title='bbox 505 1646 578 1728; x_wconf 68' lang='grc' dir='ltr'><em>ἱερὰν</em></span> <span class='ocrx_word' id='word_1_57' title='bbox 601 1619 763 1726; x_wconf 31' lang='grc' dir='ltr'><strong>λαμπάδα.</strong></span> <span class='ocrx_word' id='word_1_58' title='bbox 778 1649 945 1725; x_wconf 66' lang='grc' dir='ltr'><strong>διαθέοντες.</strong></span> <span class='ocrx_word' id='word_1_59' title='bbox 971 1654 1128 1719; x_wconf 85' lang='lat' dir='ltr'><strong>Reiskius</strong></span> <span class='ocrx_word' id='word_1_60' title='bbox 1152 1676 1256 1739; x_wconf 90' lang='lat' dir='ltr'><strong>quum</strong></span> <span class='ocrx_word' id='word_1_61' title='bbox 1282 1667 1386 1724; x_wconf 90' lang='lat' dir='ltr'><strong>verte-</strong></span> 
     </span>
     <span class='ocr_line' id='line_1_9' title="bbox 267 1778 1385 1868; baseline 0.009 -28"><span class='ocrx_word' id='word_1_62' title='bbox 267 1783 317 1841; x_wconf 85' lang='lat' dir='ltr'><strong>ret</strong></span> <span class='ocrx_word' id='word_1_63' title='bbox 340 1778 427 1860; x_wconf 89' lang='lat' dir='ltr'><strong>„qui</strong></span> <span class='ocrx_word' id='word_1_64' title='bbox 451 1797 578 1841; x_wconf 86' lang='lat' dir='ltr'><strong>sacram</strong></span> <span class='ocrx_word' id='word_1_65' title='bbox 602 1779 704 1844; x_wconf 86' lang='lat' dir='ltr'><strong>lacem</strong></span> <span class='ocrx_word' id='word_1_66' title='bbox 726 1778 937 1858; x_wconf 60' lang='lat' dir='ltr'><strong>decom-unm,</strong></span> <span class='ocrx_word' id='word_1_67' title='bbox 958 1792 1121 1863; x_wconf 89' lang='lat' dir='ltr'><strong>quantum</strong></span> <span class='ocrx_word' id='word_1_68' title='bbox 1142 1783 1304 1868; x_wconf 86' lang='lat' dir='ltr'><strong>intelligo,</strong></span> <span class='ocrx_word' id='word_1_69' title='bbox 1318 1806 1385 1850; x_wconf 93' lang='lat' dir='ltr'><strong>nou</strong></span> 
     </span>
     <span class='ocr_line' id='line_1_10' title="bbox 267 1903 1387 2000; baseline 0.009 -36"><span class='ocrx_word' id='word_1_70' title='bbox 267 1903 345 1966; x_wconf 87' lang='lat' dir='ltr'><strong>satis</strong></span> <span class='ocrx_word' id='word_1_71' title='bbox 374 1903 514 1966; x_wconf 87' lang='lat' dir='ltr'><strong>attendit</strong></span> <span class='ocrx_word' id='word_1_72' title='bbox 546 1903 897 1996; x_wconf 79' lang='lat' dir='ltr'><strong>edsiguitieutiouem</strong></span> <span class='ocrx_word' id='word_1_73' title='bbox 929 1907 1178 2000; x_wconf 86' lang='lat' dir='ltr'><strong>praepositionis</strong></span> <span class='ocrx_word' id='word_1_74' title='bbox 1210 1907 1269 1982; x_wconf 69' lang='lat' dir='ltr'><strong>Aul,</strong></span> <span class='ocrx_word' id='word_1_75' title='bbox 1302 1930 1387 1993; x_wconf 86' lang='lat' dir='ltr'><strong>quae</strong></span> 
     </span>
     <span class='ocr_line' id='line_1_11' title="bbox 268 2003 1387 2117; baseline 0.009 -27"><span class='ocrx_word' id='word_1_76' title='bbox 268 2029 328 2092; x_wconf 94' lang='lat' dir='ltr'><strong>hoc</strong></span> <span class='ocrx_word' id='word_1_77' title='bbox 356 2028 427 2092; x_wconf 91' lang='lat' dir='ltr'><strong>loco</strong></span> <span class='ocrx_word' id='word_1_78' title='bbox 458 2033 496 2092; x_wconf 89' lang='lat' dir='ltr'><strong>ut</strong></span> <span class='ocrx_word' id='word_1_79' title='bbox 529 2029 641 2092; x_wconf 93' lang='lat' dir='ltr'><strong>multis</strong></span> <span class='ocrx_word' id='word_1_80' title='bbox 672 2003 755 2108; x_wconf 87' lang='lat' dir='ltr'><strong>aliis,</strong></span> <span class='ocrx_word' id='word_1_81' title='bbox 788 2031 844 2092; x_wconf 92' lang='lat' dir='ltr'><strong>ubi</strong></span> <span class='ocrx_word' id='word_1_82' title='bbox 877 2037 989 2094; x_wconf 87' lang='lat' dir='ltr'><strong>tamen</strong></span> <span class='ocrx_word' id='word_1_83' title='bbox 1012 2032 1113 2096; x_wconf 87' lang='lat' dir='ltr'><strong>verba</strong></span> <span class='ocrx_word' id='word_1_84' title='bbox 1137 2034 1184 2096; x_wconf 88' lang='lat' dir='ltr'><strong>ita</strong></span> <span class='ocrx_word' id='word_1_85' title='bbox 1208 2037 1387 2117; x_wconf 88' lang='lat' dir='ltr'><strong>composita</strong></span> 
     </span>
     <span class='ocr_line' id='line_1_12' title="bbox 176 2153 1388 2249; baseline 0.005 -31"><span class='ocrx_word' id='word_1_86' title='bbox 176 2209 197 2249; x_wconf 29' lang='grc' dir='ltr'><strong>,Ι</strong></span> <span class='ocrx_word' id='word_1_87' title='bbox 267 2153 462 2236; x_wconf 88' lang='lat' dir='ltr'><strong>plerumque</strong></span> <span class='ocrx_word' id='word_1_88' title='bbox 494 2153 594 2216; x_wconf 90' lang='lat' dir='ltr'><strong>medii</strong></span> <span class='ocrx_word' id='word_1_89' title='bbox 625 2154 768 2217; x_wconf 85' lang='lat' dir='ltr'><strong>formam</strong></span> <span class='ocrx_word' id='word_1_90' title='bbox 793 2155 948 2233; x_wconf 91' lang='lat' dir='ltr'><strong>induunt,</strong></span> <span class='ocrx_word' id='word_1_91' title='bbox 974 2156 1072 2219; x_wconf 88' lang='lat' dir='ltr'><strong>verbo</strong></span> <span class='ocrx_word' id='word_1_92' title='bbox 1097 2158 1188 2222; x_wconf 85' lang='lat' dir='ltr'><strong>addit</strong></span> <span class='ocrx_word' id='word_1_93' title='bbox 1212 2160 1279 2222; x_wconf 90' lang='lat' dir='ltr'><strong>vim</strong></span> <span class='ocrx_word' id='word_1_94' title='bbox 1306 2180 1388 2224; x_wconf 92' lang='lat' dir='ltr'><strong>cer·</strong></span> 
     </span>
    </p>
   </div>
   <div class='ocr_carea' id='block_1_7' title="bbox 268 2279 1384 2486">
    <p class='ocr_par' dir='ltr' id='par_1_7' title="bbox 268 2279 1384 2486">
     <span class='ocr_line' id='line_1_13' title="bbox 269 2279 1384 2369; baseline 0.007 -28"><span class='ocrx_word' id='word_1_95' title='bbox 269 2279 447 2342; x_wconf 87' lang='lat' dir='ltr'><strong>taminis</strong></span> <span class='ocrx_word' id='word_1_96' title='bbox 470 2284 502 2343; x_wconf 92' lang='lat' dir='ltr'><strong>et</strong></span> <span class='ocrx_word' id='word_1_97' title='bbox 525 2281 841 2359; x_wconf 73' lang='lat' dir='ltr'><strong>contentionis,</strong></span> <span class='ocrx_word' id='word_1_98' title='bbox 867 2282 906 2345; x_wconf 89' lang='lat' dir='ltr'><strong>cf.</strong></span> <span class='ocrx_word' id='word_1_99' title='bbox 930 2280 1010 2346; x_wconf 84' lang='lat' dir='ltr'><strong>Oob.</strong></span> <span class='ocrx_word' id='word_1_100' title='bbox 1034 2283 1119 2348; x_wconf 89' lang='lat' dir='ltr'><strong>Nov.</strong></span> <span class='ocrx_word' id='word_1_101' title='bbox 1144 2284 1245 2350; x_wconf 87' lang='lat' dir='ltr'><strong>Lectt.</strong></span> <span class='ocrx_word' id='word_1_102' title='bbox 1269 2306 1301 2369; x_wconf 89' lang='lat' dir='ltr'><strong>p.</strong></span> <span class='ocrx_word' id='word_1_103' title='bbox 1323 2287 1384 2350; x_wconf 76' lang='lat'><strong>625</strong></span> 
     </span>
     <span class='ocr_line' id='line_1_14' title="bbox 268 2403 910 2486; baseline 0.005 -21"><span class='ocrx_word' id='word_1_104' title='bbox 268 2422 314 2486; x_wconf 91' lang='lat' dir='ltr'><strong>sq.</strong></span> <span class='ocrx_word' id='word_1_105' title='bbox 340 2403 558 2468; x_wconf 86' lang='lat' dir='ltr'><strong>Valckenaer.</strong></span> <span class='ocrx_word' id='word_1_106' title='bbox 581 2406 623 2468; x_wconf 90' lang='lat' dir='ltr'><strong>ad</strong></span> <span class='ocrx_word' id='word_1_107' title='bbox 647 2405 768 2469; x_wconf 89' lang='lat' dir='ltr'><strong>Herod.</strong></span> <span class='ocrx_word' id='word_1_108' title='bbox 793 2405 833 2482; x_wconf 89' lang='lat' dir='ltr'><strong>V,</strong></span> <span class='ocrx_word' id='word_1_109' title='bbox 860 2406 910 2468; x_wconf 85' lang='lat'><strong>18.</strong></span> 
     </span>
    </p>
   </div>
   <div class='ocr_carea' id='block_1_8' title="bbox 245 2649 1387 3370">
    <p class='ocr_par' dir='ltr' id='par_1_8' title="bbox 306 2619 1020 2737">
     <span class='ocr_line' id='line_1_15' title="bbox 312 2649 1020 2737; baseline 0.003 -18.983"><span class='ocrx_word' id='word_1_110' title='bbox 312 2651 392 2737; x_wconf 84' lang='lat' dir='ltr'><strong>Cap.</strong></span> <span class='ocrx_word' id='word_1_111' title='bbox 415 2653 457 2732; x_wconf 89' lang='lat' dir='ltr'><strong>H,</strong></span> <span class='ocrx_word' id='word_1_112' title='bbox 483 2657 512 2716; x_wconf 77' lang='grc'><strong>2.</strong></span> <span class='ocrx_word' id='word_1_113' title='bbox 536 2649 573 2726; x_wconf 68' lang='grc' dir='ltr'><strong>ὥς</strong></span> <span class='ocrx_word' id='word_1_114' title='bbox 597 2657 687 2734; x_wconf 65' lang='lat' dir='ltr'><strong>&lt;iinon</strong></span> <span class='ocrx_word' id='word_1_115' title='bbox 712 2651 884 2734; x_wconf 75' lang='grc' dir='ltr'><strong>Ἕρμιππος</strong></span> <span class='ocrx_word' id='word_1_116' title='bbox 907 2679 933 2719; x_wconf 90' lang='grc' dir='ltr'><strong>κ.</strong></span> <span class='ocrx_word' id='word_1_117' title='bbox 948 2678 976 2718; x_wconf 77' lang='grc' dir='ltr'><strong>τ.</strong></span> <span class='ocrx_word' id='word_1_118' title='bbox 991 2670 1020 2721; x_wconf 79' lang='grc' dir='ltr'><strong>λ.</strong></span> 
     </span>
    </p>

    <p class='ocr_par' dir='ltr' id='par_1_9' title="bbox 245 2781 1387 3370">
     <span class='ocr_line' id='line_1_16' title="bbox 311 2781 1387 2868; baseline 0.007 -27"><span class='ocrx_word' id='word_1_119' title='bbox 311 2781 360 2844; x_wconf 91' lang='lat' dir='ltr'><strong>De</strong></span> <span class='ocrx_word' id='word_1_120' title='bbox 390 2781 574 2864; x_wconf 90' lang='lat' dir='ltr'><strong>Hermippi,</strong></span> <span class='ocrx_word' id='word_1_121' title='bbox 604 2781 663 2864; x_wconf 92' lang='lat' dir='ltr'><strong>qui</strong></span> <span class='ocrx_word' id='word_1_122' title='bbox 695 2782 747 2845; x_wconf 90' lang='lat' dir='ltr'><strong>hic</strong></span> <span class='ocrx_word' id='word_1_123' title='bbox 778 2781 943 2858; x_wconf 89' lang='lat' dir='ltr'><strong>laudatur,</strong></span> <span class='ocrx_word' id='word_1_124' title='bbox 976 2783 1093 2865; x_wconf 85' lang='lat' dir='ltr'><strong>patria,</strong></span> <span class='ocrx_word' id='word_1_125' title='bbox 1117 2789 1234 2863; x_wconf 89' lang='lat' dir='ltr'><strong>aetate,</strong></span> <span class='ocrx_word' id='word_1_126' title='bbox 1260 2787 1387 2868; x_wconf 90' lang='lat' dir='ltr'><strong>scriptis</strong></span> 
     </span>
     <span class='ocr_line' id='line_1_17' title="bbox 245 2893 1386 2992; baseline 0.007 -26"><span class='ocrx_word' id='word_1_127' title='bbox 245 2893 247 2900; x_wconf 72' lang='grc'><strong>’</strong></span> <span class='ocrx_word' id='word_1_128' title='bbox 267 2907 379 2971; x_wconf 86' lang='lat' dir='ltr'><strong>variae</strong></span> <span class='ocrx_word' id='word_1_129' title='bbox 400 2913 478 2972; x_wconf 89' lang='lat' dir='ltr'><strong>suut</strong></span> <span class='ocrx_word' id='word_1_130' title='bbox 501 2907 649 2972; x_wconf 90' lang='lat' dir='ltr'><strong>virorum</strong></span> <span class='ocrx_word' id='word_1_131' title='bbox 675 2908 847 2972; x_wconf 90' lang='lat' dir='ltr'><strong>docturum</strong></span> <span class='ocrx_word' id='word_1_132' title='bbox 874 2909 1069 2972; x_wconf 89' lang='lat' dir='ltr'><strong>sententiae.</strong></span> <span class='ocrx_word' id='word_1_133' title='bbox 1090 2909 1242 2992; x_wconf 86' lang='lat' dir='ltr'><strong>Plerique</strong></span> <span class='ocrx_word' id='word_1_134' title='bbox 1262 2917 1386 2989; x_wconf 86' lang='lat' dir='ltr'><strong>autem,</strong></span> 
     </span>
     <span class='ocr_line' id='line_1_18' title="bbox 268 3001 1386 3118; baseline 0.005 -24"><span class='ocrx_word' id='word_1_135' title='bbox 268 3032 423 3098; x_wconf 84' lang='lat' dir='ltr'><strong>Vossium</strong></span> <span class='ocrx_word' id='word_1_136' title='bbox 447 3033 488 3098; x_wconf 93' lang='lat' dir='ltr'><strong>de</strong></span> <span class='ocrx_word' id='word_1_137' title='bbox 512 3033 586 3098; x_wconf 90' lang='lat' dir='ltr'><strong>hist.</strong></span> <span class='ocrx_word' id='word_1_138' title='bbox 601 3001 658 3115; x_wconf 68' lang='lat' dir='ltr'><strong>⁸gr.</strong></span> <span class='ocrx_word' id='word_1_139' title='bbox 680 3032 706 3110; x_wconf 95' lang='lat' dir='ltr'><strong>I,</strong></span> <span class='ocrx_word' id='word_1_140' title='bbox 734 3033 774 3094; x_wconf 88' lang='grc'><strong>16</strong></span> <span class='ocrx_word' id='word_1_141' title='bbox 794 3035 909 3111; x_wconf 87' lang='lat' dir='ltr'><strong>secuti,</strong></span> <span class='ocrx_word' id='word_1_142' title='bbox 930 3033 1152 3116; x_wconf 81' lang='lat' dir='ltr'><strong>Smyrnaeum</strong></span> <span class='ocrx_word' id='word_1_143' title='bbox 1174 3042 1386 3118; x_wconf 85' lang='lat' dir='ltr'><strong>computant</strong></span> 
     </span>
     <span class='ocr_line' id='line_1_19' title="bbox 267 3159 1386 3245; baseline 0.004 -23"><span class='ocrx_word' id='word_1_144' title='bbox 267 3159 375 3238; x_wconf 84' lang='lat' dir='ltr'><strong>luisse,</strong></span> <span class='ocrx_word' id='word_1_145' title='bbox 406 3179 507 3242; x_wconf 89' lang='lat' dir='ltr'><strong>quam</strong></span> <span class='ocrx_word' id='word_1_146' title='bbox 540 3160 729 3244; x_wconf 85' lang='lat' dir='ltr'><strong>opinionem</strong></span> <span class='ocrx_word' id='word_1_147' title='bbox 766 3160 956 3225; x_wconf 90' lang='lat' dir='ltr'><strong>testimonio</strong></span> <span class='ocrx_word' id='word_1_148' title='bbox 988 3161 1149 3225; x_wconf 88' lang='lat' dir='ltr'><strong>Athenaei</strong></span> <span class='ocrx_word' id='word_1_149' title='bbox 1173 3163 1311 3245; x_wconf 88' lang='lat' dir='ltr'><strong>probare</strong></span> <span class='ocrx_word' id='word_1_150' title='bbox 1335 3182 1386 3227; x_wconf 93' lang='lat' dir='ltr'><strong>co·</strong></span> 
     </span>
     <span class='ocr_line' id='line_1_20' title="bbox 268 3284 1384 3370; baseline 0.004 -22"><span class='ocrx_word' id='word_1_151' title='bbox 268 3290 402 3350; x_wconf 86' lang='lat' dir='ltr'><strong>nentur.</strong></span> <span class='ocrx_word' id='word_1_152' title='bbox 421 3284 463 3370; x_wconf 74' lang='lat' dir='ltr'><strong>Iu¹</strong></span> <span class='ocrx_word' id='word_1_153' title='bbox 484 3285 768 3368; x_wconf 87' lang='lat' dir='ltr'><strong>Deipuosophistis</strong></span> <span class='ocrx_word' id='word_1_154' title='bbox 791 3287 891 3363; x_wconf 86' lang='lat' dir='ltr'><strong>enim,</strong></span> <span class='ocrx_word' id='word_1_155' title='bbox 917 3284 993 3364; x_wconf 85' lang='lat' dir='ltr'><strong>VII,</strong></span> <span class='ocrx_word' id='word_1_156' title='bbox 1018 3307 1049 3370; x_wconf 91' lang='lat' dir='ltr'><strong>p.</strong></span> <span class='ocrx_word' id='word_1_157' title='bbox 1072 3288 1164 3351; x_wconf 78' lang='lat'><strong>2370</strong></span> <span class='ocrx_word' id='word_1_158' title='bbox 1187 3308 1384 3353; x_wconf 87' lang='lat' dir='ltr'><strong>commemo·</strong></span> 
     </span>
    </p>
   </div>
   <div class='ocr_carea' id='block_1_9' title="bbox 165 3405 1384 3504">
    <p class='ocr_par' dir='ltr' id='par_1_10' title="bbox 165 3405 1384 3504">
     <span class='ocr_line' id='line_1_21' title="bbox 165 3405 1384 3504; baseline 0.004 -31"><span class='ocrx_word' id='word_1_159' title='bbox 165 3498 168 3504; x_wconf 25' lang='grc' dir='ltr'>Ι</span> <span class='ocrx_word' id='word_1_160' title='bbox 268 3415 360 3474; x_wconf 87' lang='lat' dir='ltr'><strong>ratur</strong></span> <span class='ocrx_word' id='word_1_161' title='bbox 390 3405 561 3490; x_wconf 73' lang='grc' dir='ltr'><strong>Ἕρμιππος</strong></span> <span class='ocrx_word' id='word_1_162' title='bbox 591 3410 604 3472; x_wconf 83' lang='grc' dir='ltr'>ὁ</span> <span class='ocrx_word' id='word_1_163' title='bbox 627 3417 796 3491; x_wconf 70' lang='grc' dir='ltr'><strong><em>Σμυρναῖος.</em></strong></span> <span class='ocrx_word' id='word_1_164' title='bbox 822 3412 884 3476; x_wconf 90' lang='lat' dir='ltr'><strong>Sed</strong></span> <span class='ocrx_word' id='word_1_165' title='bbox 911 3413 962 3476; x_wconf 93' lang='lat' dir='ltr'><strong>hic</strong></span> <span class='ocrx_word' id='word_1_166' title='bbox 986 3419 1034 3476; x_wconf 89' lang='lat' dir='ltr'><strong>est</strong></span> <span class='ocrx_word' id='word_1_167' title='bbox 1058 3414 1176 3477; x_wconf 91' lang='lat' dir='ltr'><strong>unicus</strong></span> <span class='ocrx_word' id='word_1_168' title='bbox 1200 3415 1300 3492; x_wconf 91' lang='lat' dir='ltr'><strong>locus,</strong></span> <span class='ocrx_word' id='word_1_169' title='bbox 1326 3415 1384 3478; x_wconf 90' lang='lat' dir='ltr'><strong>uhi</strong></span> 
     </span>
    </p>
   </div>
   <div class='ocr_carea' id='block_1_10' title="bbox 268 3531 1385 3747">
    <p class='ocr_par' dir='ltr' id='par_1_11' title="bbox 268 3531 1385 3747">
     <span class='ocr_line' id='line_1_22' title="bbox 268 3531 1384 3617; baseline -0.001 -15"><span class='ocrx_word' id='word_1_170' title='bbox 268 3555 389 3604; x_wconf 87' lang='lat' dir='ltr'><strong>nomen</strong></span> <span class='ocrx_word' id='word_1_171' title='bbox 414 3531 584 3616; x_wconf 76' lang='grc' dir='ltr'><strong>Ἕρμιππος</strong></span> <span class='ocrx_word' id='word_1_172' title='bbox 608 3555 685 3602; x_wconf 90' lang='lat' dir='ltr'><strong>eum</strong></span> <span class='ocrx_word' id='word_1_173' title='bbox 709 3538 934 3602; x_wconf 88' lang='lat' dir='ltr'><strong>additamento</strong></span> <span class='ocrx_word' id='word_1_174' title='bbox 958 3537 971 3600; x_wconf 83' lang='grc' dir='ltr'>ὁ</span> <span class='ocrx_word' id='word_1_175' title='bbox 994 3545 1160 3615; x_wconf 72' lang='grc' dir='ltr'><em>Σμυρναῖος</em></span> <span class='ocrx_word' id='word_1_176' title='bbox 1182 3540 1384 3617; x_wconf 87' lang='lat' dir='ltr'><strong>inveniatur,</strong></span> 
     </span>
     <span class='ocr_line' id='line_1_23' title="bbox 268 3635 1385 3747; baseline 0.003 -23"><span class='ocrx_word' id='word_1_177' title='bbox 268 3681 377 3744; x_wconf 88' lang='lat' dir='ltr'><strong>neque</strong></span> <span class='ocrx_word' id='word_1_178' title='bbox 406 3681 463 3745; x_wconf 90' lang='lat' dir='ltr'><strong>pro</strong></span> <span class='ocrx_word' id='word_1_179' title='bbox 488 3669 574 3728; x_wconf 87' lang='lat' dir='ltr'><strong>certo</strong></span> <span class='ocrx_word' id='word_1_180' title='bbox 598 3663 753 3729; x_wconf 86' lang='lat' dir='ltr'><strong>affirmari</strong></span> <span class='ocrx_word' id='word_1_181' title='bbox 777 3670 883 3747; x_wconf 88' lang='lat' dir='ltr'><strong>potest</strong></span> <span class='ocrx_word' id='word_1_182' title='bbox 906 3635 1128 3747; x_wconf 75' lang='lat' dir='ltr'><strong>Hermippum</strong></span> <span class='ocrx_word' id='word_1_183' title='bbox 1154 3666 1385 3746; x_wconf 86' lang='lat' dir='ltr'><strong>Smyrnaeum,</strong></span> 
     </span>
    </p>
   </div>
   <div class='ocr_carea' id='block_1_11' title="bbox 162 3789 1387 3873">
    <p class='ocr_par' dir='ltr' id='par_1_12' title="bbox 162 3789 1387 3873">
     <span class='ocr_line' id='line_1_24' title="bbox 162 3789 1387 3873; baseline 0.004 -26"><span class='ocrx_word' id='word_1_184' title='bbox 162 3842 164 3847; x_wconf 81' lang='grc'>,</span> <span class='ocrx_word' id='word_1_185' title='bbox 268 3789 327 3871; x_wconf 91' lang='lat' dir='ltr'><strong>qui</strong></span> <span class='ocrx_word' id='word_1_186' title='bbox 360 3795 440 3856; x_wconf 84' lang='lat' dir='ltr'><strong>teste</strong></span> <span class='ocrx_word' id='word_1_187' title='bbox 471 3789 641 3854; x_wconf 88' lang='lat' dir='ltr'><strong>Athenaeo</strong></span> <span class='ocrx_word' id='word_1_188' title='bbox 673 3791 925 3855; x_wconf 82' lang='lat' dir='ltr'><strong>commentarios</strong></span> <span class='ocrx_word' id='word_1_189' title='bbox 955 3791 990 3853; x_wconf 95' lang='lat' dir='ltr'><strong>iu</strong></span> <span class='ocrx_word' id='word_1_190' title='bbox 1023 3791 1238 3873; x_wconf 81' lang='lat' dir='ltr'><strong>Hipponactis</strong></span> <span class='ocrx_word' id='word_1_191' title='bbox 1256 3790 1387 3870; x_wconf 88' lang='lat' dir='ltr'><strong>jambos</strong></span> 
     </span>
    </p>
   </div>
   <div class='ocr_carea' id='block_1_12' title="bbox 267 3915 1387 4378">
    <p class='ocr_par' dir='ltr' id='par_1_13' title="bbox 267 3915 1387 4378">
     <span class='ocr_line' id='line_1_25' title="bbox 268 3915 1384 3998; baseline 0.003 -23"><span class='ocrx_word' id='word_1_192' title='bbox 268 3915 497 3996; x_wconf 81' lang='lat' dir='ltr'><strong>composuerit,</strong></span> <span class='ocrx_word' id='word_1_193' title='bbox 527 3916 669 3978; x_wconf 87' lang='lat' dir='ltr'><strong>eundem</strong></span> <span class='ocrx_word' id='word_1_194' title='bbox 693 3916 791 3978; x_wconf 87' lang='lat' dir='ltr'><strong>fuisse</strong></span> <span class='ocrx_word' id='word_1_195' title='bbox 815 3922 915 3998; x_wconf 84' lang='lat' dir='ltr'><strong>etque</strong></span> <span class='ocrx_word' id='word_1_196' title='bbox 938 3917 1035 3979; x_wconf 91' lang='lat' dir='ltr'><strong>illum</strong></span> <span class='ocrx_word' id='word_1_197' title='bbox 1061 3916 1295 3998; x_wconf 87' lang='lat' dir='ltr'><strong>Hermippum,</strong></span> <span class='ocrx_word' id='word_1_198' title='bbox 1319 3935 1384 3997; x_wconf 92' lang='lat' dir='ltr'><strong>quo</strong></span> 
     </span>
     <span class='ocr_line' id='line_1_26' title="bbox 267 4039 1387 4124; baseline 0.001 -23"><span class='ocrx_word' id='word_1_199' title='bbox 267 4039 465 4104; x_wconf 81' lang='lat' dir='ltr'><strong>Plutarchus</strong></span> <span class='ocrx_word' id='word_1_200' title='bbox 494 4041 530 4102; x_wconf 90' lang='lat' dir='ltr'><strong>in</strong></span> <span class='ocrx_word' id='word_1_201' title='bbox 554 4042 632 4104; x_wconf 85' lang='lat' dir='ltr'><strong>vitia</strong></span> <span class='ocrx_word' id='word_1_202' title='bbox 657 4040 785 4106; x_wconf 91' lang='lat' dir='ltr'><strong>Solonis</strong></span> <span class='ocrx_word' id='word_1_203' title='bbox 808 4042 1018 4124; x_wconf 86' lang='lat' dir='ltr'><strong>aliorumque</strong></span> <span class='ocrx_word' id='word_1_204' title='bbox 1043 4041 1283 4105; x_wconf 89' lang='lat' dir='ltr'><strong>conseribendis</strong></span> <span class='ocrx_word' id='word_1_205' title='bbox 1309 4060 1387 4104; x_wconf 90' lang='lat' dir='ltr'><strong>usus</strong></span> 
     </span>
     <span class='ocr_line' id='line_1_27' title="bbox 269 4129 1387 4250; baseline 0.003 -24"><span class='ocrx_word' id='word_1_206' title='bbox 269 4165 320 4228; x_wconf 90' lang='lat' dir='ltr'><strong>sit.</strong></span> <span class='ocrx_word' id='word_1_207' title='bbox 357 4166 405 4230; x_wconf 91' lang='lat' dir='ltr'><strong>De</strong></span> <span class='ocrx_word' id='word_1_208' title='bbox 439 4129 547 4249; x_wconf 85' lang='lat' dir='ltr'><strong>putria</strong></span> <span class='ocrx_word' id='word_1_209' title='bbox 582 4167 683 4250; x_wconf 82' lang='lat' dir='ltr'><strong>igitur</strong></span> <span class='ocrx_word' id='word_1_210' title='bbox 713 4169 797 4230; x_wconf 88' lang='lat' dir='ltr'><strong>nihil</strong></span> <span class='ocrx_word' id='word_1_211' title='bbox 831 4174 967 4232; x_wconf 87' lang='lat' dir='ltr'><strong>constat.</strong></span> <span class='ocrx_word' id='word_1_212' title='bbox 1001 4170 1047 4232; x_wconf 86' lang='lat' dir='ltr'><strong>De</strong></span> <span class='ocrx_word' id='word_1_213' title='bbox 1071 4174 1178 4232; x_wconf 89' lang='lat' dir='ltr'><strong>aetate</strong></span> <span class='ocrx_word' id='word_1_214' title='bbox 1200 4169 1387 4230; x_wconf 82' lang='lat' dir='ltr'><strong>accuratius</strong></span> 
     </span>
     <span class='ocr_line' id='line_1_28' title="bbox 268 4293 1385 4378; baseline 0 -24"><span class='ocrx_word' id='word_1_215' title='bbox 268 4297 413 4360; x_wconf 82' lang='lat' dir='ltr'><strong>statuere</strong></span> <span class='ocrx_word' id='word_1_216' title='bbox 447 4294 538 4358; x_wconf 88' lang='lat' dir='ltr'><strong>lieet:</strong></span> <span class='ocrx_word' id='word_1_217' title='bbox 571 4295 659 4378; x_wconf 88' lang='lat' dir='ltr'><strong>apud</strong></span> <span class='ocrx_word' id='word_1_218' title='bbox 684 4293 893 4358; x_wconf 82' lang='lat' dir='ltr'><strong>Athenaeum</strong></span> <span class='ocrx_word' id='word_1_219' title='bbox 920 4295 973 4376; x_wconf 85' lang='lat' dir='ltr'><strong>(ll,</strong></span> <span class='ocrx_word' id='word_1_220' title='bbox 999 4315 1027 4378; x_wconf 92' lang='lat' dir='ltr'><strong>p.</strong></span> <span class='ocrx_word' id='word_1_221' title='bbox 1055 4297 1129 4372; x_wconf 69' lang='lat' dir='ltr'><strong>def,</strong></span> <span class='ocrx_word' id='word_1_222' title='bbox 1156 4296 1195 4372; x_wconf 90' lang='lat' dir='ltr'><strong>V,</strong></span> <span class='ocrx_word' id='word_1_223' title='bbox 1221 4314 1251 4377; x_wconf 91' lang='lat' dir='ltr'><strong>p.</strong></span> <span class='ocrx_word' id='word_1_224' title='bbox 1278 4295 1340 4356; x_wconf 72' lang='lat'><strong>213</strong></span> <span class='ocrx_word' id='word_1_225' title='bbox 1365 4294 1385 4371; x_wconf 83' lang='lat' dir='ltr'><strong>f,</strong></span> 
     </span>
    </p>
   </div>
   <div class='ocr_carea' id='block_1_13' title="bbox 0 0 1688 5228">
    <p class='ocr_par' dir='ltr' id='par_1_14' title="bbox 0 0 1688 5228">
     <span class='ocr_line' id='line_1_29' title="bbox 0 0 1688 5228; baseline 0 0"><span class='ocrx_word' id='word_1_226' title='bbox 0 0 1688 5228; x_wconf 95' lang='lat' dir='ltr'><strong> </strong></span> 
     </span>
    </p>
   </div>
  </div>
 </body>
</html>
