3360 5228
839 608 879 670 26

347 819 539 884 Eustathius
572 820 613 882 ad
645 819 743 881 Iliad.
775 817 808 896 β,
840 818 902 882 557
933 838 992 882 sua
1016 838 1035 881 a
1061 818 1222 882 Strabone
1247 823 1420 881 mutuatus

300 951 357 1022 est,
388 945 476 1027 quod
507 944 576 1027 ipse
610 945 665 1006 his¹
691 945 800 1008 verbis
829 944 989 1008 declarat:
1015 943 1052 1015 ὡς
1074 941 1087 1005 ὁ
1111 940 1285 1023 oesypa-tor
1308 942 1418 1023 ἱστορεῖ.

303 1067 547 1148 Quinctilianus
570 1070 611 1148 V,
636 1071 688 1146 ll,
714 1070 753 1131 40
780 1070 905 1133 iudicat
929 1070 1017 1133 huno
1041 1089 1172 1133 versum
1198 1089 1266 1133 non
1291 1071 1326 1132 iu
1349 1089 1417 1133 om·

302 1195 400 1259 nibus
423 1196 624 1261 editionibus
648 1197 795 1280 reperiri.
822 1194 910 1277 Quid
932 1197 967 1259 in
989 1196 1039 1258 his
1058 1214 1175 1259 verum
1195 1195 1246 1273 sit,
1267 1195 1418 1277 equidem

304 1328 446 1386 statuere
475 1343 539 1388 non
567 1323 687 1385 ausim.
711 1321 918 1387 Testimouia
942 1326 1029 1386 certe
1054 1321 1180 1384 leviora
1204 1326 1292 1399 sunt,
1317 1339 1418 1403 quam

306 1457 342 1512 nt
365 1448 494 1513 Solonis
517 1449 663 1513 fraudem
690 1449 815 1532 liquido
839 1453 990 1512 constare
1012 1448 1184 1512 affirmem.

346 1711 394 1774 lb.
421 1711 472 1776 ll.
496 1709 643 1792 Ἀθήνῃσι.
668 1711 880 1794 Negligonter
903 1734 911 1774 ι
935 1713 1154 1796 subscriptum
1181 1713 1330 1777 additum
1351 1719 1419 1790 est;

302 1857 379 1901 vero
404 1839 565 1922 scriptura
588 1845 635 1902 est
654 1837 802 1910 Ἀθήνησι,
825 1845 862 1900 ut
881 1835 1082 1915 Ὀλυμπίαισι,
1097 1835 1225 1914 Θήβησι,
1241 1836 1420 1910 Δεκελείαοι,

304 1965 484 2033 Πλαταιᾶσι,
510 1960 614 2042 θύρασι.

347 2213 396 2276 lb.
430 2213 482 2276 13.
514 2209 565 2275 καὶ
599 2212 690 2288 δῆμον
720 2211 871 2290 {sovana
902 2210 1019 2276 Φιλαίου
1043 2215 1098 2276 τῶν
1124 2211 1271 2276 Φιλαῖδυυ
1295 2209 1420 2292 ἔχουσιν,

300 2337 359 2403 ἔδει
394 2333 427 2412 ἦν
457 2339 671 2419 Πεισίστρατος.
702 2341 825 2402 Parum
858 2346 1009 2403 accurate
1039 2339 1232 2402 Pisistratus
1257 2358 1298 2402 ex
1320 2340 1415 2403 demo

307 2467 535 2529 Philai‘darum
558 2485 625 2530 esse
645 2466 774 2543 dieitur,
795 2465 875 2548 quia
894 2465 1005 2528 domos
1025 2485 1091 2528 non
1105 2464 1169 2528 nisi
1182 2463 1312 2546 aliquot
1325 2464 1422 2526 annis

306 2597 378 2675 post
400 2592 562 2656 Pisistrati
587 2597 726 2656 mortem
750 2610 770 2653 a
793 2588 960 2655 Olistliene
983 2591 1176 2654 oonstitntos
1195 2609 1263 2653 esse
1282 2595 1419 2653 constat.

304 2718 356 2780 Ita
378 2717 480 2800 igitur
502 2716 594 2780 loous
617 2716 827 2798 accipiendus
850 2735 918 2780 esse
942 2716 1084 2794 videtur,
1110 2720 1147 2779 nt
1170 2716 1379 2778 Pisistratum
1400 2735 1420 2777 a

283 2931 285 2934 Ι
302 2849 397 2926 gente
420 2843 660 2920 Philaidarum,
681 2861 767 2924 quae
786 2861 806 2904 a
825 2840 959 2906 Philaeo
978 2842 1139 2924 originem
1153 2842 1297 2921 disceret,
1310 2843 1420 2907 oriun-

301 2969 379 3031 dum
414 2967 651 3050 intelligamus.
683 2967 849 3044 Philaeus,
874 2967 931 3049 qui
956 2987 976 3029 a
999 2968 1176 3031 Plutarcho
1201 2975 1234 3031 ot
1258 2967 1420 3031 Herodoto

302 3094 371 3177 (VI,
409 3095 449 3156 35
486 3091 607 3156 Φιλαίου
637 3097 688 3156 τοῦ
722 3089 846 3165 Αἴαντος
877 3090 1000 3178 παιδός)
1028 3094 1116 3157 filius
1140 3093 1249 3177 Ajaois
1274 3101 1420 3172 vocatur,

302 3222 390 3302 apud
414 3219 613 3281 Pausaniam
641 3217 679 3298 (I,
706 3219 850 3301 attejas
874 3238 974 3301 nepos
998 3238 1065 3283 esse
1088 3219 1228 3283 dieitur:
1250 3217 1368 3281 Φίλαιον
1388 3217 1419 3281 δὲ

301 3345 349 3409 τὸν
373 3341 557 3423 Εὐρυσάκους
580 3347 631 3408 τοῦ
655 3339 790 3415 Αἴαντος.
815 3344 843 3404 Α
867 3344 1055 3426 Pherecyde
1079 3344 1166 3426 apud
1187 3344 1419 3408 Marcellinum

302 3472 336 3533 in
363 3471 434 3532 vita
457 3470 658 3552 Thucydidis
680 3469 697 3553 h
722 3471 740 3530 3
766 3471 853 3534 filius
876 3469 986 3552 Ajueis
1009 3469 1196 3554 appellatur
1221 3467 1355 3540 Φιλαίας.
1413 3539 1414 3543 ¹

346 3721 394 3784 Ib.
419 3721 471 3785 17.
496 3718 635 3784 θάπτουσι
658 3720 689 3784 δὲ
713 3726 864 3800 Μεγαρεῖς
886 3721 954 3801 πρὸς
974 3718 1009 3784 ἕω
1028 3721 1095 3794 τοὺς
1115 3720 1226 3802 νεκροὺς
1238 3721 1421 3803 στρέφοντες,

302 3846 447 3920 Ἀθηναῖοι
479 3846 509 3910 δὲ
539 3846 607 3926 πρὸς
637 3844 768 3926 ἑσπέραν.
795 3845 891 3928 Quod
916 3846 956 3910 ad
982 3869 1105 3912 rnorem
1130 3848 1309 3930 sepeliendi
1334 3848 1421 3930 apud

302 3973 524 4036 Athenienses
548 3973 706 4036 usitatum
733 3974 853 4037 attinet
872 3994 947 4037 oum
968 3974 1145 4037 Plutarcho
1159 3974 1324 4037 consentit
1339 3973 1422 4037 Aeli-

302 4118 385 4161 anus
419 4099 498 4161 Var.
531 4098 615 4163 Hist.
648 4099 688 4176 V,
724 4100 764 4160 ll
795 4097 880 4176 νόμος
911 4098 1046 4170 Ἀττικὸς
1071 4097 1189 4163 θάπτειν
1213 4099 1280 4170 rata
1303 4097 1422 4177 δυσμὰς

302 4222 471 4301 βλέποντας
495 4233 527 4289 et
551 4222 619 4303 VII,
646 4227 686 4288 19
709 4223 841 4305 ἀρχαίας
864 4223 922 4304 γὰρ
945 4225 1035 4299 θήκας
1054 4222 1171 4300 ἀνοίξας
1191 4221 1326 4299 ἀπέδειξε
1344 4223 1419 4289 παυ-

302 4371 358 4423 aas
381 4349 550 4425 Ἀθηναίους
573 4350 641 4432 πρὸς
665 4347 743 4413 δύοιυ
766 4348 913 4428 κειμένους
936 4349 1016 4415 κατὰ
1036 4351 1068 4415 τὸ
1088 4351 1217 4432 ,πατρῷοι
1237 4351 1336 4423 αὐτοῖς
1348 4347 1416 4421 ἔθος.
