<?xml version="1.0" encoding="UTF-8"?>
<!DOCTYPE html PUBLIC "-//W3C//DTD XHTML 1.0 Transitional//EN"
    "http://www.w3.org/TR/xhtml1/DTD/xhtml1-transitional.dtd">
<html xmlns="http://www.w3.org/1999/xhtml" xml:lang="en" lang="en">
 <head>
  <title>
</title>
<meta http-equiv="Content-Type" content="text/html;charset=utf-8" />
  <meta name='ocr-system' content='tesseract 3.04.00' />
  <meta name='ocr-capabilities' content='ocr_page ocr_carea ocr_par ocr_line ocrx_word'/>
</head>
<body>
  <div class='ocr_page' id='page_1' title='image "./observationesin00eggigoog/observationesin00eggigoog_0051.png"; bbox 0 0 3360 5228; ppageno 0'>
   <div class='ocr_carea' id='block_1_1' title="bbox 831 615 872 674">
    <p class='ocr_par' dir='ltr' id='par_1_1' title="bbox 831 615 872 674">
     <span class='ocr_line' id='line_1_1' title="bbox 831 615 872 674; baseline 0 0"><span class='ocrx_word' id='word_1_1' title='bbox 831 615 872 674; x_wconf 76' lang='lat'>42</span> 
     </span>
    </p>
   </div>
   <div class='ocr_carea' id='block_1_2' title="bbox 342 800 1450 906">
    <p class='ocr_par' dir='ltr' id='par_1_2' title="bbox 342 800 1450 906">
     <span class='ocr_line' id='line_1_2' title="bbox 342 800 1450 906; baseline 0.003 -24"><span class='ocrx_word' id='word_1_2' title='bbox 342 820 390 884; x_wconf 92' lang='lat' dir='ltr'>Ib.</span> <span class='ocrx_word' id='word_1_3' title='bbox 410 822 473 894; x_wconf 22' lang='lat'>¹34.</span> <span class='ocrx_word' id='word_1_4' title='bbox 504 826 558 892; x_wconf 78' lang='grc' dir='ltr'>τῆς</span> <span class='ocrx_word' id='word_1_5' title='bbox 579 819 816 900; x_wconf 80' lang='grc' dir='ltr'><em>προὺποκειριέιες</em></span> <span class='ocrx_word' id='word_1_6' title='bbox 835 827 900 900; x_wconf 68' lang='grc' dir='ltr'>γῆς.</span> <span class='ocrx_word' id='word_1_7' title='bbox 925 823 1022 888; x_wconf 86' lang='lat' dir='ltr'>Vocis</span> <span class='ocrx_word' id='word_1_8' title='bbox 1045 823 1264 903; x_wconf 70' lang='grc' dir='ltr'><em>προϋποκεῖσθαι</em></span> <span class='ocrx_word' id='word_1_9' title='bbox 1286 824 1407 906; x_wconf 86' lang='lat' dir='ltr'>signifi·</span> <span class='ocrx_word' id='word_1_10' title='bbox 1438 800 1450 829; x_wconf 54' lang='lat'>³</span> 
     </span>
    </p>
   </div>
   <div class='ocr_carea' id='block_1_3' title="bbox 297 944 1411 1658">
    <p class='ocr_par' dir='ltr' id='par_1_3' title="bbox 297 944 1411 1658">
     <span class='ocr_line' id='line_1_3' title="bbox 298 944 1408 1028; baseline 0.002 -20"><span class='ocrx_word' id='word_1_11' title='bbox 298 944 471 1023; x_wconf 79' lang='lat' dir='ltr'>cntionem,</span> <span class='ocrx_word' id='word_1_12' title='bbox 494 965 579 1028; x_wconf 89' lang='lat' dir='ltr'>quae</span> <span class='ocrx_word' id='word_1_13' title='bbox 603 948 697 1010; x_wconf 88' lang='lat' dir='ltr'>unice</span> <span class='ocrx_word' id='word_1_14' title='bbox 722 948 796 1012; x_wconf 86' lang='lat' dir='ltr'>huie</span> <span class='ocrx_word' id='word_1_15' title='bbox 819 947 890 1011; x_wconf 89' lang='lat' dir='ltr'>loeo</span> <span class='ocrx_word' id='word_1_16' title='bbox 913 949 1077 1026; x_wconf 88' lang='lat' dir='ltr'>convenit,</span> <span class='ocrx_word' id='word_1_17' title='bbox 1100 950 1221 1012; x_wconf 82' lang='lat' dir='ltr'>frustra</span> <span class='ocrx_word' id='word_1_18' title='bbox 1239 951 1273 1010; x_wconf 94' lang='lat' dir='ltr'>in</span> <span class='ocrx_word' id='word_1_19' title='bbox 1294 949 1408 1012; x_wconf 78' lang='lat' dir='ltr'>lexicis</span> 
     </span>
     <span class='ocr_line' id='line_1_4' title="bbox 298 1069 1407 1157; baseline 0.002 -24"><span class='ocrx_word' id='word_1_20' title='bbox 298 1071 507 1152; x_wconf 81' lang='lat' dir='ltr'>quaesiveris.</span> <span class='ocrx_word' id='word_1_21' title='bbox 531 1069 696 1134; x_wconf 71' lang='grc' dir='ltr'><em>ὑποκεῖσθαι</em></span> <span class='ocrx_word' id='word_1_22' title='bbox 720 1077 831 1135; x_wconf 88' lang='lat' dir='ltr'>autern</span> <span class='ocrx_word' id='word_1_23' title='bbox 853 1092 955 1155; x_wconf 92' lang='lat' dir='ltr'>quum</span> <span class='ocrx_word' id='word_1_24' title='bbox 977 1073 1105 1136; x_wconf 88' lang='lat' dir='ltr'>dicatur</span> <span class='ocrx_word' id='word_1_25' title='bbox 1120 1073 1158 1137; x_wconf 89' lang='lat' dir='ltr'>de</span> <span class='ocrx_word' id='word_1_26' title='bbox 1178 1093 1212 1136; x_wconf 92' lang='lat' dir='ltr'>re</span> <span class='ocrx_word' id='word_1_27' title='bbox 1224 1074 1407 1157; x_wconf 88' lang='lat' dir='ltr'>pignerata,</span> 
     </span>
     <span class='ocr_line' id='line_1_5' title="bbox 300 1193 1407 1278; baseline 0.003 -22"><span class='ocrx_word' id='word_1_28' title='bbox 300 1194 350 1276; x_wconf 89' lang='lat' dir='ltr'>(ut</span> <span class='ocrx_word' id='word_1_29' title='bbox 373 1195 459 1278; x_wconf 86' lang='lat' dir='ltr'>apud</span> <span class='ocrx_word' id='word_1_30' title='bbox 482 1195 611 1260; x_wconf 86' lang='lat' dir='ltr'>Isaeum</span> <span class='ocrx_word' id='word_1_31' title='bbox 637 1197 665 1274; x_wconf 88' lang='lat'>6,</span> <span class='ocrx_word' id='word_1_32' title='bbox 691 1197 749 1259; x_wconf 84' lang='lat'>33:</span> <span class='ocrx_word' id='word_1_33' title='bbox 772 1195 861 1260; x_wconf 76' lang='grc' dir='ltr'><em>οἰκίαι</em></span> <span class='ocrx_word' id='word_1_34' title='bbox 884 1194 909 1260; x_wconf 81' lang='grc' dir='ltr'>δ’</span> <span class='ocrx_word' id='word_1_35' title='bbox 934 1197 963 1260; x_wconf 85' lang='grc' dir='ltr'>ἐι</span> <span class='ocrx_word' id='word_1_36' title='bbox 981 1195 1064 1268; x_wconf 79' lang='grc' dir='ltr'><em>ίίσπει</em></span> <span class='ocrx_word' id='word_1_37' title='bbox 1083 1193 1407 1269; x_wconf 81' lang='grc' dir='ltr'><em>τεπποίρωικαίτεττα-</em></span> 
     </span>
     <span class='ocr_line' id='line_1_6' title="bbox 297 1316 1408 1414; baseline 0.004 -32"><span class='ocrx_word' id='word_1_38' title='bbox 297 1316 422 1398; x_wconf 83' lang='grc' dir='ltr'><em>ροίκοιτα</em></span> <span class='ocrx_word' id='word_1_39' title='bbox 451 1322 529 1397; x_wconf 73' lang='lat' dir='ltr'>proin</span> <span class='ocrx_word' id='word_1_40' title='bbox 557 1319 753 1399; x_wconf 70' lang='grc' dir='ltr'>ὑποκειμένην,</span> <span class='ocrx_word' id='word_1_41' title='bbox 785 1328 817 1386; x_wconf 91' lang='lat' dir='ltr'>et</span> <span class='ocrx_word' id='word_1_42' title='bbox 847 1324 935 1406; x_wconf 90' lang='lat' dir='ltr'>apud</span> <span class='ocrx_word' id='word_1_43' title='bbox 965 1323 1261 1414; x_wconf 79' lang='lat' dir='ltr'>Harpocratiouem</span> <span class='ocrx_word' id='word_1_44' title='bbox 1285 1344 1317 1386; x_wconf 83' lang='lat' dir='ltr'>v.</span> <span class='ocrx_word' id='word_1_45' title='bbox 1340 1319 1408 1403; x_wconf 78' lang='grc' dir='ltr'><em>ίρος·</em></span> 
     </span>
     <span class='ocr_line' id='line_1_7' title="bbox 299 1441 1409 1528; baseline 0.005 -23"><span class='ocrx_word' id='word_1_46' title='bbox 299 1441 339 1505; x_wconf 77' lang='grc' dir='ltr'>τοὶ</span> <span class='ocrx_word' id='word_1_47' title='bbox 369 1441 477 1507; x_wconf 77' lang='grc' dir='ltr'><em>ἐπόντα</em></span> <span class='ocrx_word' id='word_1_48' title='bbox 507 1450 575 1516; x_wconf 82' lang='grc' dir='ltr'><em>ταῖς</em></span> <span class='ocrx_word' id='word_1_49' title='bbox 606 1444 807 1524; x_wconf 76' lang='grc' dir='ltr'><em>ὑποκειμέναις</em></span> <span class='ocrx_word' id='word_1_50' title='bbox 834 1446 933 1520; x_wconf 77' lang='grc' dir='ltr'><em>οἰκίαις</em></span> <span class='ocrx_word' id='word_1_51' title='bbox 955 1446 1006 1511; x_wconf 82' lang='grc' dir='ltr'>καί</span> <span class='ocrx_word' id='word_1_52' title='bbox 1028 1447 1141 1528; x_wconf 77' lang='grc' dir='ltr'><em>χωρίοις</em></span> <span class='ocrx_word' id='word_1_53' title='bbox 1163 1445 1335 1528; x_wconf 69' lang='grc' dir='ltr'><em>γροίμμασα</em></span> <span class='ocrx_word' id='word_1_54' title='bbox 1358 1447 1409 1521; x_wconf 75' lang='grc' dir='ltr'>ὑκ-</span> 
     </span>
     <span class='ocr_line' id='line_1_8' title="bbox 299 1566 1411 1658; baseline 0.003 -25"><span class='ocrx_word' id='word_1_55' title='bbox 299 1573 407 1633; x_wconf 80' lang='grc' dir='ltr'><em>λοὺιτα</em></span> <span class='ocrx_word' id='word_1_56' title='bbox 437 1566 479 1632; x_wconf 84' lang='grc' dir='ltr'>ὑτι</span> <span class='ocrx_word' id='word_1_57' title='bbox 511 1568 673 1634; x_wconf 84' lang='grc' dir='ltr'><em>ὑπόκεινται</em></span> <span class='ocrx_word' id='word_1_58' title='bbox 705 1571 860 1658; x_wconf 68' lang='lat' dir='ltr'>incolomi)</span> <span class='ocrx_word' id='word_1_59' title='bbox 892 1573 908 1645; x_wconf 80' lang='grc' dir='ltr'><em>ὑ</em></span> <span class='ocrx_word' id='word_1_60' title='bbox 940 1571 1163 1653; x_wconf 80' lang='grc' dir='ltr'><em>προὺποκειμὲοιι</em></span> <span class='ocrx_word' id='word_1_61' title='bbox 1188 1579 1227 1651; x_wconf 71' lang='grc' dir='ltr'>γῆ</span> <span class='ocrx_word' id='word_1_62' title='bbox 1251 1580 1297 1636; x_wconf 91' lang='lat' dir='ltr'>est</span> <span class='ocrx_word' id='word_1_63' title='bbox 1320 1592 1411 1656; x_wconf 89' lang='lat' dir='ltr'>prae·</span> 
     </span>
    </p>
   </div>
   <div class='ocr_carea' id='block_1_4' title="bbox 299 1695 1065 1781">
    <p class='ocr_par' dir='ltr' id='par_1_4' title="bbox 299 1695 1065 1781">
     <span class='ocr_line' id='line_1_9' title="bbox 299 1695 1065 1781; baseline 0.007 -24"><span class='ocrx_word' id='word_1_64' title='bbox 299 1695 391 1758; x_wconf 89' lang='lat' dir='ltr'>dium</span> <span class='ocrx_word' id='word_1_65' title='bbox 414 1696 501 1778; x_wconf 90' lang='lat' dir='ltr'>quod</span> <span class='ocrx_word' id='word_1_66' title='bbox 523 1702 599 1760; x_wconf 83' lang='lat' dir='ltr'>ante</span> <span class='ocrx_word' id='word_1_67' title='bbox 622 1698 750 1779; x_wconf 91' lang='lat' dir='ltr'>pignori</span> <span class='ocrx_word' id='word_1_68' title='bbox 776 1699 959 1781; x_wconf 85' lang='lat' dir='ltr'>oppositum</span> <span class='ocrx_word' id='word_1_69' title='bbox 985 1704 1065 1763; x_wconf 91' lang='lat' dir='ltr'>erat.</span> 
     </span>
    </p>
   </div>
   <div class='ocr_carea' id='block_1_5' title="bbox 299 1942 1469 4408">
    <p class='ocr_par' dir='ltr' id='par_1_5' title="bbox 299 1942 1469 4408">
     <span class='ocr_line' id='line_1_10' title="bbox 343 1942 1411 2028; baseline 0.002 -22"><span class='ocrx_word' id='word_1_70' title='bbox 343 1942 422 2026; x_wconf 79' lang='lat' dir='ltr'>Gap.</span> <span class='ocrx_word' id='word_1_71' title='bbox 446 1944 536 2024; x_wconf 90' lang='lat' dir='ltr'>XVI,</span> <span class='ocrx_word' id='word_1_72' title='bbox 562 1946 613 2008; x_wconf 88' lang='grc'>11.</span> <span class='ocrx_word' id='word_1_73' title='bbox 638 1943 737 2008; x_wconf 77' lang='grc' dir='ltr'><em>Σίλων</em></span> <span class='ocrx_word' id='word_1_74' title='bbox 759 1945 790 2008; x_wconf 76' lang='grc' dir='ltr'>δὲ</span> <span class='ocrx_word' id='word_1_75' title='bbox 813 1944 913 2010; x_wconf 81' lang='grc' dir='ltr'><em>τούτου</em></span> <span class='ocrx_word' id='word_1_76' title='bbox 936 1947 990 2023; x_wconf 81' lang='grc' dir='ltr'>μὲν</span> <span class='ocrx_word' id='word_1_77' title='bbox 1014 1948 1065 2010; x_wconf 85' lang='grc' dir='ltr'>οὐκ</span> <span class='ocrx_word' id='word_1_78' title='bbox 1089 1945 1204 2026; x_wconf 66' lang='grc' dir='ltr'><em>ἐφίκετο</em></span> <span class='ocrx_word' id='word_1_79' title='bbox 1227 1954 1263 2026; x_wconf 71' lang='grc' dir='ltr'>τῇ</span> <span class='ocrx_word' id='word_1_80' title='bbox 1277 1943 1411 2028; x_wconf 75' lang='grc' dir='ltr'><em>πολιτεία</em></span> 
     </span>
     <span class='ocr_line' id='line_1_11' title="bbox 301 2067 1410 2152; baseline 0 -20"><span class='ocrx_word' id='word_1_81' title='bbox 301 2067 465 2145; x_wconf 78' lang='grc' dir='ltr'><em>δημοτικὸς·</em></span> <span class='ocrx_word' id='word_1_82' title='bbox 478 2067 515 2132; x_wconf 76' lang='lat' dir='ltr'>cir</span> <span class='ocrx_word' id='word_1_83' title='bbox 537 2067 588 2134; x_wconf 85' lang='grc' dir='ltr'>καί</span> <span class='ocrx_word' id='word_1_84' title='bbox 612 2067 711 2147; x_wconf 80' lang='grc' dir='ltr'><em>με’σος,</em></span> <span class='ocrx_word' id='word_1_85' title='bbox 734 2069 905 2152; x_wconf 78' lang='grc' dir='ltr'><em>ἐνδεέστεροι</em></span> <span class='ocrx_word' id='word_1_86' title='bbox 928 2070 959 2136; x_wconf 78' lang='grc' dir='ltr'>δὲ</span> <span class='ocrx_word' id='word_1_87' title='bbox 978 2078 1031 2144; x_wconf 76' lang='grc' dir='ltr'>τῆς</span> <span class='ocrx_word' id='word_1_88' title='bbox 1050 2070 1239 2150; x_wconf 72' lang='grc' dir='ltr'><em>ὑπαρχούσης</em></span> <span class='ocrx_word' id='word_1_89' title='bbox 1260 2069 1410 2148; x_wconf 67' lang='grc' dir='ltr'>δυνάμεως</span> 
     </span>
     <span class='ocr_line' id='line_1_12' title="bbox 301 2189 1410 2274; baseline 0.001 -18"><span class='ocrx_word' id='word_1_90' title='bbox 301 2191 379 2256; x_wconf 78' lang='grc' dir='ltr'><em>οὐδὲν</em></span> <span class='ocrx_word' id='word_1_91' title='bbox 411 2189 533 2274; x_wconf 80' lang='grc' dir='ltr'><em>ἔπραξεν</em></span> <span class='ocrx_word' id='word_1_92' title='bbox 564 2193 783 2274; x_wconf 76' lang='grc' dir='ltr'><em>ὁρμώμενος</em></span> <span class='ocrx_word' id='word_1_93' title='bbox 814 2195 854 2272; x_wconf 80' lang='grc' dir='ltr'>ἕρι</span> <span class='ocrx_word' id='word_1_94' title='bbox 881 2193 997 2273; x_wconf 71' lang='lat' dir='ltr'>niaco</span> <span class='ocrx_word' id='word_1_95' title='bbox 1019 2200 1084 2259; x_wconf 84' lang='grc' dir='ltr'>τοῦ</span> <span class='ocrx_word' id='word_1_96' title='bbox 1108 2195 1321 2274; x_wconf 79' lang='grc' dir='ltr'><em>βοὺλεσίαι</em></span> <span class='ocrx_word' id='word_1_97' title='bbox 1343 2191 1410 2259; x_wconf 80' lang='grc' dir='ltr'>καὶ</span> 
     </span>
     <span class='ocr_line' id='line_1_13' title="bbox 300 2316 1409 2398; baseline 0.005 -19"><span class='ocrx_word' id='word_1_98' title='bbox 300 2316 502 2381; x_wconf 82' lang='grc' dir='ltr'><em>πιστεύειν</em></span> <span class='ocrx_word' id='word_1_99' title='bbox 532 2319 611 2398; x_wconf 78' lang='grc' dir='ltr'><em>αὐτῷ</em></span> <span class='ocrx_word' id='word_1_100' title='bbox 640 2318 706 2390; x_wconf 86' lang='grc' dir='ltr'><em>τοὺς</em></span> <span class='ocrx_word' id='word_1_101' title='bbox 736 2318 867 2393; x_wconf 75' lang='grc' dir='ltr'><em>πολίτας.</em></span> <span class='ocrx_word' id='word_1_102' title='bbox 897 2323 1065 2386; x_wconf 88' lang='lat' dir='ltr'>Postrema</span> <span class='ocrx_word' id='word_1_103' title='bbox 1096 2323 1197 2387; x_wconf 88' lang='lat' dir='ltr'>verba</span> <span class='ocrx_word' id='word_1_104' title='bbox 1217 2322 1298 2385; x_wconf 86' lang='lat' dir='ltr'>vitio</span> <span class='ocrx_word' id='word_1_105' title='bbox 1321 2321 1409 2385; x_wconf 90' lang='lat' dir='ltr'>labo·</span> 
     </span>
     <span class='ocr_line' id='line_1_14' title="bbox 303 2445 1408 2530; baseline 0.003 -25"><span class='ocrx_word' id='word_1_106' title='bbox 303 2463 375 2506; x_wconf 87' lang='lat' dir='ltr'>rare</span> <span class='ocrx_word' id='word_1_107' title='bbox 399 2445 550 2526; x_wconf 87' lang='lat' dir='ltr'>equidem</span> <span class='ocrx_word' id='word_1_108' title='bbox 574 2465 699 2523; x_wconf 86' lang='lat' dir='ltr'>censeo,</span> <span class='ocrx_word' id='word_1_109' title='bbox 724 2466 829 2529; x_wconf 91' lang='lat' dir='ltr'>neque</span> <span class='ocrx_word' id='word_1_110' title='bbox 849 2448 943 2512; x_wconf 92' lang='lat' dir='ltr'>eredo</span> <span class='ocrx_word' id='word_1_111' title='bbox 963 2449 1031 2512; x_wconf 85' lang='lat' dir='ltr'>lore</span> <span class='ocrx_word' id='word_1_112' title='bbox 1047 2449 1116 2530; x_wconf 88' lang='lat' dir='ltr'>qui,</span> <span class='ocrx_word' id='word_1_113' title='bbox 1129 2446 1408 2530; x_wconf 81' lang='lat' dir='ltr'><strong>quemadmodum</strong></span> 
     </span>
     <span class='ocr_line' id='line_1_15' title="bbox 301 2571 1410 2655; baseline 0.002 -23"><span class='ocrx_word' id='word_1_114' title='bbox 301 2589 390 2632; x_wconf 89' lang='lat' dir='ltr'>nuno</span> <span class='ocrx_word' id='word_1_115' title='bbox 414 2571 535 2653; x_wconf 87' lang='lat' dir='ltr'>scripta</span> <span class='ocrx_word' id='word_1_116' title='bbox 556 2571 633 2649; x_wconf 89' lang='lat' dir='ltr'>sint,</span> <span class='ocrx_word' id='word_1_117' title='bbox 656 2573 862 2655; x_wconf 85' lang='lat' dir='ltr'><strong>probabilem</strong></span> <span class='ocrx_word' id='word_1_118' title='bbox 887 2593 927 2636; x_wconf 86' lang='lat' dir='ltr'>ex</span> <span class='ocrx_word' id='word_1_119' title='bbox 952 2573 992 2635; x_wconf 93' lang='lat' dir='ltr'>iis</span> <span class='ocrx_word' id='word_1_120' title='bbox 1011 2593 1141 2637; x_wconf 90' lang='lat' dir='ltr'>sensum</span> <span class='ocrx_word' id='word_1_121' title='bbox 1163 2573 1280 2636; x_wconf 82' lang='lat' dir='ltr'>elicere</span> <span class='ocrx_word' id='word_1_122' title='bbox 1300 2572 1410 2654; x_wconf 81' lang='lat' dir='ltr'>possit.</span> 
     </span>
     <span class='ocr_line' id='line_1_16' title="bbox 302 2695 1411 2781; baseline 0.002 -23"><span class='ocrx_word' id='word_1_123' title='bbox 302 2695 364 2758; x_wconf 91' lang='lat' dir='ltr'>Sed</span> <span class='ocrx_word' id='word_1_124' title='bbox 385 2695 556 2760; x_wconf 87' lang='lat' dir='ltr'>videamus</span> <span class='ocrx_word' id='word_1_125' title='bbox 574 2716 655 2758; x_wconf 91' lang='lat' dir='ltr'>uum</span> <span class='ocrx_word' id='word_1_126' title='bbox 674 2697 846 2760; x_wconf 87' lang='lat' dir='ltr'>verborum</span> <span class='ocrx_word' id='word_1_127' title='bbox 868 2702 1021 2762; x_wconf 87' lang='lat' dir='ltr'>contextu</span> <span class='ocrx_word' id='word_1_128' title='bbox 1035 2698 1209 2781; x_wconf 84' lang='lat' dir='ltr'>diligenter</span> <span class='ocrx_word' id='word_1_129' title='bbox 1221 2697 1411 2761; x_wconf 86' lang='lat' dir='ltr'>examinato</span> 
     </span>
     <span class='ocr_line' id='line_1_17' title="bbox 300 2821 1409 2905; baseline -0.001 -22"><span class='ocrx_word' id='word_1_130' title='bbox 300 2821 443 2901; x_wconf 88' lang='lat' dir='ltr'>reperire</span> <span class='ocrx_word' id='word_1_131' title='bbox 466 2821 636 2902; x_wconf 87' lang='lat' dir='ltr'>possimus,</span> <span class='ocrx_word' id='word_1_132' title='bbox 656 2822 714 2886; x_wconf 89' lang='lat' dir='ltr'>ubi</span> <span class='ocrx_word' id='word_1_133' title='bbox 733 2823 854 2885; x_wconf 88' lang='lat' dir='ltr'>vitium</span> <span class='ocrx_word' id='word_1_134' title='bbox 875 2822 975 2887; x_wconf 86' lang='lat' dir='ltr'>lateat</span> <span class='ocrx_word' id='word_1_135' title='bbox 994 2828 1026 2887; x_wconf 88' lang='lat' dir='ltr'>et</span> <span class='ocrx_word' id='word_1_136' title='bbox 1042 2822 1206 2905; x_wconf 91' lang='lat' dir='ltr'>quomodo</span> <span class='ocrx_word' id='word_1_137' title='bbox 1228 2821 1409 2886; x_wconf 88' lang='lat' dir='ltr'>tollendum</span> 
     </span>
     <span class='ocr_line' id='line_1_18' title="bbox 301 2943 1411 3032; baseline 0 -24"><span class='ocrx_word' id='word_1_138' title='bbox 301 2945 353 3008; x_wconf 89' lang='lat' dir='ltr'>sit.</span> <span class='ocrx_word' id='word_1_139' title='bbox 390 2945 518 3009; x_wconf 89' lang='lat' dir='ltr'>Solonis</span> <span class='ocrx_word' id='word_1_140' title='bbox 553 2943 724 3024; x_wconf 81' lang='grc' dir='ltr'><em>σεισιίχὺεια</em></span> <span class='ocrx_word' id='word_1_141' title='bbox 752 2967 860 3030; x_wconf 88' lang='lat' dir='ltr'>neque</span> <span class='ocrx_word' id='word_1_142' title='bbox 890 2947 1044 3012; x_wconf 88' lang='lat' dir='ltr'>divitibus</span> <span class='ocrx_word' id='word_1_143' title='bbox 1075 2967 1183 3031; x_wconf 89' lang='lat' dir='ltr'>neque</span> <span class='ocrx_word' id='word_1_144' title='bbox 1213 2947 1411 3032; x_wconf 85' lang='lat' dir='ltr'>pauperibus</span> 
     </span>
     <span class='ocr_line' id='line_1_19' title="bbox 301 3070 1410 3156; baseline 0.003 -25"><span class='ocrx_word' id='word_1_145' title='bbox 301 3070 485 3153; x_wconf 89' lang='lat' dir='ltr'>placuerat;</span> <span class='ocrx_word' id='word_1_146' title='bbox 520 3071 571 3134; x_wconf 90' lang='lat' dir='ltr'>illi</span> <span class='ocrx_word' id='word_1_147' title='bbox 602 3073 689 3135; x_wconf 92' lang='lat' dir='ltr'>enim</span> <span class='ocrx_word' id='word_1_148' title='bbox 723 3070 883 3154; x_wconf 84' lang='lat' dir='ltr'>plurimas</span> <span class='ocrx_word' id='word_1_149' title='bbox 913 3074 1114 3156; x_wconf 82' lang='lat' dir='ltr'>syngraphas</span> <span class='ocrx_word' id='word_1_150' title='bbox 1141 3073 1286 3136; x_wconf 89' lang='lat' dir='ltr'>abolitas</span> <span class='ocrx_word' id='word_1_151' title='bbox 1317 3092 1410 3155; x_wconf 85' lang='lat' dir='ltr'>aegre</span> 
     </span>
     <span class='ocr_line' id='line_1_20' title="bbox 302 3195 1411 3279; baseline 0.004 -23"><span class='ocrx_word' id='word_1_152' title='bbox 302 3195 459 3272; x_wconf 85' lang='lat' dir='ltr'>serebant,</span> <span class='ocrx_word' id='word_1_153' title='bbox 483 3195 517 3257; x_wconf 86' lang='lat' dir='ltr'>hi</span> <span class='ocrx_word' id='word_1_154' title='bbox 541 3201 652 3258; x_wconf 87' lang='lat' dir='ltr'>autem</span> <span class='ocrx_word' id='word_1_155' title='bbox 678 3197 926 3260; x_wconf 87' lang='lat' dir='ltr'>offendebantur</span> <span class='ocrx_word' id='word_1_156' title='bbox 947 3197 1035 3279; x_wconf 92' lang='lat' dir='ltr'>quod</span> <span class='ocrx_word' id='word_1_157' title='bbox 1053 3197 1153 3262; x_wconf 88' lang='lat' dir='ltr'>Solon</span> <span class='ocrx_word' id='word_1_158' title='bbox 1173 3217 1252 3274; x_wconf 89' lang='lat' dir='ltr'>non,</span> <span class='ocrx_word' id='word_1_159' title='bbox 1276 3198 1325 3260; x_wconf 89' lang='lat' dir='ltr'>uti</span> <span class='ocrx_word' id='word_1_160' title='bbox 1344 3216 1411 3279; x_wconf 87' lang='lat' dir='ltr'>spe-</span> 
     </span>
     <span class='ocr_line' id='line_1_21' title="bbox 302 3321 1413 3404; baseline 0.001 -24"><span class='ocrx_word' id='word_1_161' title='bbox 302 3322 466 3397; x_wconf 88' lang='lat' dir='ltr'>raverant,</span> <span class='ocrx_word' id='word_1_162' title='bbox 490 3339 584 3402; x_wconf 85' lang='lat' dir='ltr'>agros</span> <span class='ocrx_word' id='word_1_163' title='bbox 605 3321 766 3384; x_wconf 84' lang='lat' dir='ltr'>divisisset</span> <span class='ocrx_word' id='word_1_164' title='bbox 786 3340 893 3404; x_wconf 88' lang='lat' dir='ltr'>neque</span> <span class='ocrx_word' id='word_1_165' title='bbox 910 3321 1053 3404; x_wconf 84' lang='lat' dir='ltr'>Lycurgi</span> <span class='ocrx_word' id='word_1_166' title='bbox 1072 3321 1261 3404; x_wconf 87' lang='lat' dir='ltr'>exemplum</span> <span class='ocrx_word' id='word_1_167' title='bbox 1282 3325 1413 3384; x_wconf 88' lang='lat' dir='ltr'>secutus</span> 
     </span>
     <span class='ocr_line' id='line_1_22' title="bbox 303 3445 1414 3530; baseline -0.001 -22"><span class='ocrx_word' id='word_1_168' title='bbox 303 3445 449 3508; x_wconf 91' lang='lat' dir='ltr'>omnium</span> <span class='ocrx_word' id='word_1_169' title='bbox 485 3447 633 3510; x_wconf 80' lang='lat' dir='ltr'>fortunas</span> <span class='ocrx_word' id='word_1_170' title='bbox 663 3447 817 3530; x_wconf 83' lang='lat' dir='ltr'>aequales</span> <span class='ocrx_word' id='word_1_171' title='bbox 847 3448 981 3510; x_wconf 87' lang='lat' dir='ltr'>fecisset.</span> <span class='ocrx_word' id='word_1_172' title='bbox 1013 3447 1181 3530; x_wconf 87' lang='lat' dir='ltr'>Lycurgus</span> <span class='ocrx_word' id='word_1_173' title='bbox 1211 3452 1333 3524; x_wconf 91' lang='lat' dir='ltr'>autem,</span> <span class='ocrx_word' id='word_1_174' title='bbox 1354 3447 1414 3529; x_wconf 79' lang='lat' dir='ltr'>(ita</span> 
     </span>
     <span class='ocr_line' id='line_1_23' title="bbox 299 3571 1413 3655; baseline 0 -21"><span class='ocrx_word' id='word_1_175' title='bbox 299 3571 424 3654; x_wconf 88' lang='lat' dir='ltr'>judicat</span> <span class='ocrx_word' id='word_1_176' title='bbox 454 3571 660 3654; x_wconf 86' lang='lat' dir='ltr'>Plutarchus)</span> <span class='ocrx_word' id='word_1_177' title='bbox 688 3572 774 3655; x_wconf 89' lang='lat' dir='ltr'>quod</span> <span class='ocrx_word' id='word_1_178' title='bbox 806 3573 848 3636; x_wconf 91' lang='lat' dir='ltr'>ab</span> <span class='ocrx_word' id='word_1_179' title='bbox 878 3572 1020 3636; x_wconf 88' lang='lat' dir='ltr'>Hercule</span> <span class='ocrx_word' id='word_1_180' title='bbox 1047 3572 1204 3636; x_wconf 90' lang='lat' dir='ltr'>oriundus</span> <span class='ocrx_word' id='word_1_181' title='bbox 1229 3571 1413 3655; x_wconf 89' lang='lat' dir='ltr'>complures</span> 
     </span>
     <span class='ocr_line' id='line_1_24' title="bbox 303 3697 1469 3780; baseline -0.001 -21"><span class='ocrx_word' id='word_1_182' title='bbox 303 3715 406 3761; x_wconf 88' lang='lat' dir='ltr'>anuos</span> <span class='ocrx_word' id='word_1_183' title='bbox 439 3697 772 3762; x_wconf 88' lang='lat' dir='ltr'>Lacedaemoniorum</span> <span class='ocrx_word' id='word_1_184' title='bbox 807 3717 865 3760; x_wconf 87' lang='lat' dir='ltr'>rex</span> <span class='ocrx_word' id='word_1_185' title='bbox 893 3697 1000 3770; x_wconf 83' lang='lat' dir='ltr'>iuerat</span> <span class='ocrx_word' id='word_1_186' title='bbox 1030 3703 1064 3760; x_wconf 92' lang='lat' dir='ltr'>et</span> <span class='ocrx_word' id='word_1_187' title='bbox 1093 3698 1143 3774; x_wconf 92' lang='lat' dir='ltr'>iis,</span> <span class='ocrx_word' id='word_1_188' title='bbox 1174 3717 1259 3780; x_wconf 93' lang='lat' dir='ltr'>quae</span> <span class='ocrx_word' id='word_1_189' title='bbox 1290 3697 1414 3779; x_wconf 85' lang='lat' dir='ltr'>optime</span> <span class='ocrx_word' id='word_1_190' title='bbox 1467 3725 1469 3730; x_wconf 96' lang='lat'>·</span> 
     </span>
     <span class='ocr_line' id='line_1_25' title="bbox 303 3823 1414 3906; baseline 0 -20"><span class='ocrx_word' id='word_1_191' title='bbox 303 3823 527 3900; x_wconf 86' lang='lat' dir='ltr'>constituerat,</span> <span class='ocrx_word' id='word_1_192' title='bbox 558 3843 712 3906; x_wconf 86' lang='lat' dir='ltr'>magnam</span> <span class='ocrx_word' id='word_1_193' title='bbox 743 3823 973 3887; x_wconf 89' lang='lat' dir='ltr'>auctoritatem</span> <span class='ocrx_word' id='word_1_194' title='bbox 996 3823 1060 3886; x_wconf 88' lang='lat' dir='ltr'>sibi</span> <span class='ocrx_word' id='word_1_195' title='bbox 1084 3823 1286 3902; x_wconf 86' lang='lat' dir='ltr'>conciliarat,</span> <span class='ocrx_word' id='word_1_196' title='bbox 1311 3823 1414 3906; x_wconf 87' lang='lat' dir='ltr'>magia</span> 
     </span>
     <span class='ocr_line' id='line_1_26' title="bbox 302 3948 1414 4033; baseline -0.001 -21"><span class='ocrx_word' id='word_1_197' title='bbox 302 3948 336 4012; x_wconf 91' lang='lat' dir='ltr'>id</span> <span class='ocrx_word' id='word_1_198' title='bbox 359 3948 447 4032; x_wconf 91' lang='lat' dir='ltr'>quod</span> <span class='ocrx_word' id='word_1_199' title='bbox 471 3948 531 4012; x_wconf 88' lang='lat' dir='ltr'>sibi</span> <span class='ocrx_word' id='word_1_200' title='bbox 555 3954 768 4030; x_wconf 88' lang='lat' dir='ltr'>proposuerat</span> <span class='ocrx_word' id='word_1_201' title='bbox 791 3949 925 4030; x_wconf 86' lang='lat' dir='ltr'>exsequi</span> <span class='ocrx_word' id='word_1_202' title='bbox 950 3949 1093 4025; x_wconf 88' lang='lat' dir='ltr'>valebat,</span> <span class='ocrx_word' id='word_1_203' title='bbox 1118 3968 1235 4032; x_wconf 89' lang='lat' dir='ltr'>neque,</span> <span class='ocrx_word' id='word_1_204' title='bbox 1256 3950 1314 4013; x_wconf 92' lang='lat' dir='ltr'>ubi</span> <span class='ocrx_word' id='word_1_205' title='bbox 1335 3968 1414 4033; x_wconf 91' lang='lat' dir='ltr'>opus</span> 
     </span>
     <span class='ocr_line' id='line_1_27' title="bbox 304 4073 1413 4158; baseline 0 -21"><span class='ocrx_word' id='word_1_206' title='bbox 304 4079 383 4150; x_wconf 89' lang='lat' dir='ltr'>erat,</span> <span class='ocrx_word' id='word_1_207' title='bbox 414 4093 434 4136; x_wconf 85' lang='lat' dir='ltr'>e</span> <span class='ocrx_word' id='word_1_208' title='bbox 465 4075 498 4136; x_wconf 88' lang='lat' dir='ltr'>vi</span> <span class='ocrx_word' id='word_1_209' title='bbox 529 4073 700 4152; x_wconf 86' lang='lat' dir='ltr'>abstinuit,</span> <span class='ocrx_word' id='word_1_210' title='bbox 729 4094 795 4156; x_wconf 94' lang='lat' dir='ltr'>quo</span> <span class='ocrx_word' id='word_1_211' title='bbox 818 4075 971 4157; x_wconf 85' lang='lat' dir='ltr'>perficere</span> <span class='ocrx_word' id='word_1_212' title='bbox 998 4076 1105 4158; x_wconf 91' lang='lat' dir='ltr'>potuit</span> <span class='ocrx_word' id='word_1_213' title='bbox 1129 4081 1166 4138; x_wconf 91' lang='lat' dir='ltr'>ut</span> <span class='ocrx_word' id='word_1_214' title='bbox 1189 4094 1302 4139; x_wconf 88' lang='lat' dir='ltr'>omnes</span> <span class='ocrx_word' id='word_1_215' title='bbox 1326 4076 1413 4138; x_wconf 88' lang='lat' dir='ltr'>cives</span> 
     </span>
     <span class='ocr_line' id='line_1_28' title="bbox 304 4203 1413 4285; baseline 0.003 -22"><span class='ocrx_word' id='word_1_216' title='bbox 304 4219 398 4284; x_wconf 87' lang='lat' dir='ltr'>pares</span> <span class='ocrx_word' id='word_1_217' title='bbox 421 4207 534 4264; x_wconf 87' lang='lat' dir='ltr'>essent.</span> <span class='ocrx_word' id='word_1_218' title='bbox 560 4203 659 4266; x_wconf 82' lang='lat' dir='ltr'>Solon</span> <span class='ocrx_word' id='word_1_219' title='bbox 685 4220 770 4279; x_wconf 91' lang='lat' dir='ltr'>vero,</span> <span class='ocrx_word' id='word_1_220' title='bbox 793 4203 850 4284; x_wconf 91' lang='lat' dir='ltr'>qui</span> <span class='ocrx_word' id='word_1_221' title='bbox 871 4203 1011 4266; x_wconf 84' lang='lat' dir='ltr'>vireret</span> <span class='ocrx_word' id='word_1_222' title='bbox 1031 4203 1199 4285; x_wconf 83' lang='lat' dir='ltr'>popularis</span> <span class='ocrx_word' id='word_1_223' title='bbox 1219 4204 1413 4267; x_wconf 88' lang='lat' dir='ltr'>etmodicae</span> 
     </span>
     <span class='ocr_line' id='line_1_29' title="bbox 302 4326 1410 4408; baseline 0.002 -20"><span class='ocrx_word' id='word_1_224' title='bbox 302 4327 463 4404; x_wconf 79' lang='lat' dir='ltr'>fortunae,</span> <span class='ocrx_word' id='word_1_225' title='bbox 496 4327 555 4390; x_wconf 89' lang='lat' dir='ltr'>hoe</span> <span class='ocrx_word' id='word_1_226' title='bbox 585 4327 747 4390; x_wconf 89' lang='lat' dir='ltr'>institutis</span> <span class='ocrx_word' id='word_1_227' title='bbox 776 4329 844 4390; x_wconf 90' lang='lat' dir='ltr'>suis</span> <span class='ocrx_word' id='word_1_228' title='bbox 873 4347 938 4391; x_wconf 92' lang='lat' dir='ltr'>nou</span> <span class='ocrx_word' id='word_1_229' title='bbox 963 4333 1010 4392; x_wconf 90' lang='lat' dir='ltr'>est</span> <span class='ocrx_word' id='word_1_230' title='bbox 1034 4337 1210 4406; x_wconf 88' lang='lat' dir='ltr'>assecutus,</span> <span class='ocrx_word' id='word_1_231' title='bbox 1238 4326 1410 4408; x_wconf 78' lang='grc' dir='ltr'><em>ἐνδεέστεροι</em></span> 
     </span>
    </p>
   </div>
   <div class='ocr_carea' id='block_1_6' title="bbox 0 0 1687 5228">
    <p class='ocr_par' dir='ltr' id='par_1_6' title="bbox 0 0 1687 5228">
     <span class='ocr_line' id='line_1_30' title="bbox 0 0 1687 5228; baseline 0 0"><span class='ocrx_word' id='word_1_232' title='bbox 0 0 1687 5228; x_wconf 95' lang='lat' dir='ltr'> </span> 
     </span>
    </p>
   </div>
  </div>
 </body>
</html>
