3360 5228
830 541 871 602 18

291 751 380 832 qnod
409 751 602 814 Pisistratus
628 771 706 814 cnm
731 751 851 814 Solone
874 750 1089 833 expeditionis
1112 750 1178 813 dux
1202 748 1246 812 ibi
1272 747 1409 814 dicitur.

293 875 503 959 Quamquam
529 877 617 939 enirn
643 877 780 940 delinire
798 896 864 940 non
886 895 1067 957 possumus,
1087 895 1152 958 quo
1165 886 1252 938 anno
1265 876 1409 938 Salamis

291 1009 484 1088 recuperata
513 1005 556 1067 sit
586 1004 629 1067 ab
660 1003 929 1080 Atheniensibus,
960 1007 1047 1066 certe
1078 1007 1155 1065 ante
1181 1001 1334 1072 Solonem
1362 1017 1412 1064 ar-

293 1131 445 1194 chontem
471 1130 593 1193 factum
620 1149 688 1193 esse
714 1129 853 1192 videtur.
876 1130 1086 1191 Pisistratum
1109 1134 1231 1206 autem,
1253 1126 1310 1210 qui
1331 1133 1412 1194 teste

293 1256 486 1338 Thucydide
517 1255 589 1335 (VI,
622 1257 663 1318 et
694 1251 902 1334 Πεισιστράτου
931 1252 989 1334 γὰρ
1018 1257 1136 1334 anparai
1160 1252 1409 1340 τελευτήσαντος)

294 1380 411 1462 γηραιός
442 1402 529 1446 anno
555 1383 617 1444 527
643 1385 792 1445 mortuus
816 1384 873 1457 est,
899 1379 951 1462 (cf.
976 1380 1078 1444 Olint.
1103 1380 1191 1443 Fast.
1217 1371 1345 1443 Hellen.
1372 1381 1413 1442 ad

294 1508 391 1571 illum
427 1509 566 1589 annum)
604 1507 691 1570 circa
721 1526 847 1568 annum
883 1505 945 1567 600
978 1509 1095 1568 natum
1129 1521 1197 1568 esse
1227 1509 1413 1570 statuamus

294 1653 423 1696 necesse
448 1638 505 1697 est.
532 1632 583 1696 Ad
608 1633 697 1696 hunc
722 1633 843 1696 nodum
870 1631 1109 1714 expediendum
1132 1637 1209 1694 sunt
1228 1633 1285 1714 qui
1308 1633 1413 1696 velint

295 1778 371 1821 eum
403 1757 625 1834 Pisistratum,
655 1759 712 1840 qui
739 1758 792 1820 hic
814 1762 1104 1834 commemoratur,
1129 1777 1195 1820 non
1221 1759 1413 1837 tyrannum,

295 1886 349 1952 sed
385 1888 454 1968 ejus
486 1904 585 1946 avum
621 1883 728 1961 luisse,
760 1903 860 1966 quam
895 1883 1087 1966 opinionem
1113 1903 1184 1946 eam
1212 1880 1253 1946 ob
1276 1903 1409 1947 oausam

294 2031 413 2094 parum
450 2010 557 2074 valere
589 2010 706 2073 debere
738 2010 902 2086 existimo,
935 2007 1013 2092 quia
1041 2010 1181 2092 scriptor
1211 2016 1330 2087 noster,
1356 2010 1414 2092 qni

294 2138 369 2200 aliis
393 2137 491 2219 hujus
513 2137 601 2199 vitae
625 2133 712 2211 locis,
738 2134 795 2199 ubi
817 2135 979 2198 Pisistrati
1004 2135 1203 2198 mentionem
1229 2135 1415 2212 faciteam-

295 2281 354 2344 per
386 2268 567 2342 tyrannum
600 2260 769 2344 intelligit,
801 2261 828 2324 si
860 2261 920 2325 hoc
953 2261 1023 2324 loco
1049 2261 1088 2324 de
1113 2261 1304 2344 cognomini
1328 2261 1415 2342 cogi-

296 2391 405 2463 tasset,
429 2393 517 2450 certe
540 2391 726 2450 accuratius
748 2406 824 2450 curn
848 2383 1033 2450 indicasset.
1055 2386 1118 2450 Sed
1139 2405 1227 2449 nunc
1247 2404 1413 2468 compare·

298 2533 372 2576 mus
402 2533 476 2576 curn
510 2513 680 2577 Plutarchi
703 2513 891 2576 narratione
914 2533 960 2590 ca,
990 2531 1076 2594 quae
1101 2512 1158 2574 alii
1182 2512 1354 2594 scriptores
1377 2513 1416 2575 de

297 2639 385 2703 bello
408 2637 493 2702 inter
516 2639 722 2722 Megarenses
746 2643 778 2702 et
803 2638 1018 2702 Athenienses
1037 2644 1127 2720 gesto
1149 2639 1328 2701 memoriae
1345 2657 1416 2719 pro·

297 2764 391 2828 dunt.
412 2763 558 2827 Eandem
583 2764 819 2840 narrationem,
840 2783 940 2845 qnam
963 2768 1063 2845 caput
1076 2768 1229 2826 octavum
1245 2762 1416 2826 Plutarchi

297 2890 456 2967 continet,
480 2889 629 2952 referunt
651 2858 802 2952 lustinus
826 2887 868 2965 ΙΙ,
897 2890 915 2950 8
940 2893 973 2951 et
994 2889 1184 2964 Frontinus,
1207 2888 1346 2970 Strateg.
1360 2888 1416 2964 IV,

257 3026 261 3032 ’
302 3013 329 3092 7,
350 3014 462 3096 paucis
483 3018 615 3076 tantum
637 3013 783 3076 mutatis.
804 3013 880 3096 Ipsa
898 3013 1021 3076 Justini
1036 3014 1135 3077 verba
1148 3014 1247 3090 dabo:
1262 3014 1418 3089 „interea

298 3140 504 3222 Megarenses
537 3158 698 3203 memores
729 3138 815 3201 illati
844 3136 1105 3202 Atheniensibus
1131 3138 1207 3202 belli
1233 3144 1265 3201 et
1288 3139 1416 3215 deserti,

301 3284 342 3327 ne
372 3266 490 3327 frustra
521 3284 616 3327 arma
649 3265 791 3328 movisse
820 3264 1022 3340 viderentur,
1046 3269 1213 3327 matronas
1238 3262 1420 3326 Athenien·

301 3391 386 3452 sium
418 3390 453 3452 in
482 3390 664 3453 Eleusiniis
689 3390 789 3452 sacris
813 3393 911 3452 noctu
938 3388 1122 3470 oppressuri
1146 3407 1247 3451 naves
1266 3407 1420 3451 conscen-

300 3514 394 3579 dunt.
417 3512 491 3595 Qua
514 3515 704 3598 recognita
727 3515 794 3578 dux
818 3513 1072 3578 Atheniensium
1092 3514 1286 3577 Pisistratus
1300 3515 1421 3596 Juven-

302 3645 404 3703 tutem
437 3641 471 3702 in
503 3640 632 3702 insidiis
663 3640 757 3716 locat,
788 3640 885 3722 jussis
912 3641 1069 3702 matronis
1092 3639 1189 3703 solito
1213 3639 1357 3703 clamore
1381 3658 1420 3702 ac

300 3765 440 3847 strepitu
464 3765 563 3827 etiam
584 3766 618 3827 in
638 3785 765 3830 accessu
789 3765 942 3841 hostium,
965 3784 1006 3828 nc
1019 3764 1204 3828 intellectos
1217 3783 1249 3827 se
1265 3765 1419 3842 sentiant,

302 3911 394 3954 sacra
417 3891 600 3954 celebrare:
625 3910 830 3973 egressosque
854 3892 996 3954 navibus
1019 3891 1225 3972 Megarenses
1246 3891 1420 3973 inopinan-

306 4022 352 4077 tes
376 4034 542 4097 aggressus
567 4014 690 4078 delevit
712 4035 750 4078 ac
773 4016 925 4097 protinus
946 4015 1047 4080 classe
1067 4016 1198 4096 captiva
1217 4016 1421 4079 intermixtis

306 4140 510 4215 mulieribus,
541 4145 577 4202 ut
601 4141 739 4222 speciem
765 4148 936 4223 captarum
965 4147 1190 4204 matronarum
1216 4141 1421 4222 praeberent,

304 4265 440 4351 Megara
462 4266 637 4329 contendit.
661 4265 716 4328 Illi
741 4286 815 4330 cum
841 4271 872 4330 ct
897 4267 1037 4329 navium
1062 4266 1202 4330 formam
1229 4269 1262 4328 et
1281 4266 1418 4349 petitam
