3360 5228
828 601 868 661 28

290 826 377 870 anno
401 807 526 872 bellurn
552 807 719 885 exarserit,
740 826 799 889 pro
823 811 909 871 certo
929 807 1081 870 affirmari
1101 809 1218 891 nequit
1225 835 1234 886 3
1255 809 1289 871 id
1301 809 1408 872 solum

290 937 441 996 constare
472 932 612 1010 videtur,
645 951 703 1014 per
734 933 844 996 decem
878 952 980 997 annos
1011 933 1136 998 bellom
1170 939 1298 1015 gestum
1322 954 1407 998 essa:

290 1057 412 1120 Athen.
444 1056 535 1135 XIII,
566 1077 597 1139 p.
622 1056 684 1118 560
700 1077 726 1135 c,
750 1053 802 1121 καὶ
827 1055 839 1120 ὁ
863 1057 1012 1137 Κρισαικὸς
1035 1056 1164 1136 πόλεμος
1188 1056 1408 1138 ὀνομαζόμενος,

291 1179 328 1253 ὥς
359 1186 433 1264 Φκσι
463 1179 659 1256 Καλλισθένης
683 1183 773 1261 ἐντῷ
797 1179 861 1263 περὶ
886 1185 937 1246 τοῦ
962 1182 1032 1263 ἱεροῦ
1056 1182 1195 1262 πολέμου,
1220 1179 1267 1248 ὅτε
1289 1187 1410 1265 Κιρραῖοι

291 1309 359 1390 πρὸς
384 1315 493 1381 Φωκεῖς
520 1310 593 1393 (leg.
619 1308 758 1392 Φωκέας)
781 1308 979 1384 ἐπολέμησαν,
999 1310 1140 1384 δεκαετὴς
1161 1306 1202 1385 ἦν,
1216 1309 1409 1392 αρπασσέντων

293 1433 425 1515 Κιῤῥαέων
448 1433 500 1507 τὴν
524 1433 710 1513 Πελοέγοντος
732 1439 782 1499 τοῦ
807 1434 927 1508 Φωκέως
951 1435 1097 1517 ένγατέρα
1119 1438 1261 1514 Μεγιστὼ
1283 1435 1335 1500 καὶ
1354 1427 1411 1510 πέος

293 1558 432 1640 Ἀργείων
464 1558 625 1641 θυγατέρας
654 1559 827 1634 ἐπανιούσας
856 1562 888 1624 ἐκ
919 1565 969 1625 τοῦ
996 1562 1115 1626 πνέικοῦ
1138 1561 1218 1643 ἱεροῦ·
1244 1560 1356 1643 δεκατῳ
1380 1562 1411 1626 δέ

292 1683 348 1749 έτει
372 1684 448 1749 ἑοὶλω
472 1683 523 1749 καὶ
548 1685 564 1758 ἡ
590 1685 683 1766 Killa.
709 1687 736 1749 E
761 1687 944 1751 Scholiasta
963 1688 1003 1750 ad
1023 1689 1205 1751 Pindarum
1228 1688 1262 1751 in
1283 1689 1410 1772 Proleg.

291 1815 389 1895 Pyth.
418 1814 640 1895 comperimus
663 1811 816 1876 Cirrham
841 1819 970 1896 captain
996 1834 1201 1897 essequam
1228 1815 1411 1878 Simonides

292 1941 344 2004 vel
381 1940 494 2004 Simon
527 1909 664 2003 Athenis
695 1939 817 2002 archon
849 1946 931 2003 esset
961 1942 1062 2021 (auno
1094 1941 1180 2024 591),
1209 1961 1264 2005 eos
1287 1946 1411 2020 autem,

294 2067 353 2149 qui
379 2070 593 2147 superessent,
618 2064 743 2128 bellum
770 2065 901 2129 duxisse
925 2073 1023 2149 atque
1047 2071 1138 2130 sexto
1164 2067 1295 2130 demum
1323 2087 1410 2131 anno
1484 2075 1488 2082 ’

294 2197 460 2274 superatos
504 2211 581 2268 esse,
624 2189 761 2255 Athenis
803 2192 961 2254 Damasia
997 2193 1153 2255 archonte
1189 2193 1287 2271 (anno
1324 2193 1411 2276 586).

294 2315 417 2397 Quodsi
448 2317 666 2382 Callisthenes
691 2318 967 2400 expugnationem
992 2318 1084 2381 urbis
1109 2319 1260 2400 respexit,
1286 2318 1409 2382 belluni

294 2441 427 2506 initium
460 2444 546 2526 cepit
576 2463 664 2508 anno
694 2444 766 2522 600,
798 2444 849 2506 sin
879 2463 956 2507 vero
980 2444 1179 2508 dediti0ne1n
1205 2464 1329 2522 eorum,
1354 2445 1412 2528 qui

293 2573 367 2650 post
408 2575 539 2650 captam
577 2569 691 2635 urbem
726 2569 851 2634 bellum
880 2571 1178 2647 continuaverunt
1205 2570 1410 2634 intellectam

295 2689 409 2772 voluit,
442 2694 540 2777 (quod
572 2696 654 2758 mihi
685 2696 817 2779 quidern
852 2696 957 2778 inagis
987 2694 1104 2778 placet)
1134 2695 1284 2778 quinque
1315 2697 1412 2758 annis

294 2825 366 2903 post
389 2820 513 2884 bellurn
538 2822 695 2885 exarsisse
718 2822 902 2904 putandum
924 2826 981 2885 est.
1001 2822 1041 2886 cf.
1061 2820 1162 2885 Cliut.
1176 2823 1264 2886 Fast.
1279 2822 1409 2886 Hellen.

295 2945 441 3029 Append.
467 2946 483 3009 I
506 2947 546 3010 de
568 2947 708 3028 Pythiis.

339 3196 418 3279 Cap.
442 3197 519 3273 XII,
547 3197 574 3261 7.
597 3203 765 3275 Μεγακλῆς
788 3194 840 3261 καὶ
866 3197 890 3262 οἱ
912 3195 1113 3278 συνάρχοντες.
1136 3197 1332 3263 Plutarchus
1352 3200 1412 3264 hoc

294 3324 364 3388 loco
395 3325 567 3388 archontes
597 3344 859 3388 commemorans
882 3327 1045 3389 consentit·
1069 3346 1144 3388 curn
1171 3325 1362 3407 Thucydide
1386 3325 1412 3403 I,

297 3451 378 3512 126:
409 3446 511 3528 χρόνον
543 3447 573 3511 δέ
602 3447 821 3527 ἐπιγιγνομένου
846 3448 869 3513 οἱ
891 3449 1036 3521 Ἀθκναῐοι
1059 3448 1229 3530 τρυχόμενοι
1252 3457 1288 3530 τῇ
1313 3473 1412 3531 προσε-

296 3573 372 3656 δρείᾳ
406 3574 536 3648 οὶπῆλέσν
573 3574 597 3638 οἱ
626 3574 736 3646 πολλοί,
768 3573 977 3655 ἐπιτρέψαντες
1008 3581 1094 3647 τοῖς
1124 3573 1232 3639 ἐννέα
1255 3572 1413 3656 ἄρχουσι

297 3699 348 3772 τὴν
382 3698 522 3782 φυλακὴν
552 3698 604 3764 καὶ
640 3700 671 3764 τὸ
702 3701 762 3763 παν
793 3697 996 3780 αὐτοκράτορσι
1030 3700 1177 3773 διαθεῖναι,
1210 3696 1228 3781 ᾗ
1250 3699 1286 3764 oio
1309 3699 1413 3781 ἄριστα

297 3826 538 3904 διαγιγνώσκωσι·
560 3824 626 3891 τότε
648 3826 680 3890 δὲ
702 3825 742 3889 τα
765 3823 864 3890 πολλοὶ
888 3830 944 3890 τῶν
964 3831 1118 3891 πολιτικῶν
1138 3827 1162 3891 οἱ
1180 3826 1261 3891 ἐννέα
1273 3824 1413 3908 ἄρχοντες

296 3948 446 4032 ἔπρασσον.
473 3951 581 4014 Arnbo
605 3957 717 4015 autern
743 3952 927 4035 discrepant
951 3954 993 4018 ab
1018 3953 1181 4018 Herodoto
1204 3954 1245 4032 V,
1269 3949 1326 4017 tl:
1348 3951 1413 4017 τού-

296 4099 362 4147 seve
392 4074 620 4154 οὶνιστέασιμέν
644 4076 674 4140 οἱ
695 4075 881 4157 τρυτιένις
902 4081 973 4140 τῶν
998 4076 1232 4158 νανκρσέρων,
1256 4074 1331 4158 οἵπερ
1355 4069 1413 4141 έκε-

297 4224 352 4278 μον
386 4199 452 4266 τότε
485 4199 540 4272 τὰς
575 4201 712 4275 Ἀθήνας.
744 4204 865 4266 Multos
896 4205 982 4268 viros
1013 4206 1122 4268 doctos
1155 4207 1233 4270 haec
1263 4206 1351 4268 inter
1380 4225 1414 4269 se

298 4328 477 4392 conciliare
512 4328 614 4390 variis
641 4329 745 4393 modis
769 4335 903 4392 conatos
927 4349 994 4393 asse
1019 4331 1123 4409 video,
1147 4332 1353 4410 sedfrust1a‚
1377 4336 1415 4394 ut
