3360 5228
842 551 883 614 30

303 762 440 828 nomine
463 761 564 840 urbis,
582 761 701 825 deinde
721 762 819 826 solito
838 761 1039 825 Graecorum
1062 780 1150 825 more
1162 761 1278 844 adjerit
1293 781 1411 826 nomen

305 889 424 970 patris:
448 887 461 951 θ
485 885 631 951 Φαιστίου.

348 1011 420 1094 Quo
443 1033 532 1079 anno
554 1015 768 1096 Epimenides
792 1013 939 1078 Athenas
959 1015 1096 1090 venerit,
1117 1019 1269 1077 aestuate
1290 1014 1419 1077 definiri

304 1140 429 1222 nequit.
463 1140 670 1204 Dissentiunt
703 1140 792 1202 enim
816 1139 905 1202 inter
927 1159 961 1202 se
985 1139 1048 1201 duo
1074 1143 1178 1204 testes.
1204 1135 1320 1201 Suidas
1343 1157 1420 1202 eum

303 1264 502 1348 Olympiade
533 1266 784 1348 quadragesima
814 1271 933 1347 quarta
966 1263 1042 1346 (606
1074 1284 1103 1327 a.
1129 1262 1206 1328 chr.
1231 1265 1277 1346 n.)
1304 1263 1420 1332 urbem

304 1391 458 1455 lustrasse
482 1390 609 1455 scribit:
634 1389 829 1468 Ἐπιμενίδης
852 1427 895 1436 -
916 1383 996 1461 οὗτος
1015 1386 1133 1464 ἐκάθηρε
1151 1387 1206 1459 σάς
1225 1387 1353 1462 Ἀθήνοις
1370 1389 1420 1450 τοῦ

304 1516 446 1581 Κυλωνίου
487 1518 562 1602 (leg.
604 1515 780 1602 Κυλωνείου)
817 1515 908 1594 άνους
942 1515 1023 1581 κοιπά
1055 1518 1108 1589 την
1144 1513 1196 1594 μδ’
1233 1513 1417 1594 σ’λυμπιάδοι,

304 1645 466 1726 Diogenes
500 1645 648 1708 Laertius
678 1644 703 1723 I,
739 1645 798 1706 110
829 1643 1028 1726 Olympiade
1053 1643 1306 1728 quadragesima
1329 1650 1421 1708 sexta

304 1771 533 1834 lustrationem
558 1771 746 1834 institutam
771 1790 838 1834 esse
862 1771 977 1834 refert:
998 1769 1160 1844 Ἀθηννιίοις
1178 1771 1270 1850 λοιμῷ
1290 1791 1420 1849 κάτεχο-

305 1894 400 1974 μένοις
430 1892 552 1976 ἔχρησεν
580 1895 596 1968 η
621 1895 714 1960 Πυθίου
737 1896 857 1976 κοιθῆροιι
882 1895 934 1969 την
957 1896 1050 1960 πάλιν·
1074 1897 1097 1961 οἱ
1121 1896 1151 1961 δὲ
1175 1897 1324 1975 πέμπουσι
1349 1901 1420 1961 νοοῦν

304 2044 338 2085 σε
366 2019 416 2084 asi
446 2020 551 2086 Νικίου
581 2021 629 2085 τὸν
654 2020 818 2102 Νικηράτου
841 2021 880 2094 είς
904 2021 1016 2102 Κρίσην
1040 2027 1197 2095 κοιλοῐίνπες
1220 2023 1269 2088 πδν
1292 2023 1419 2101 Ἐπιμε-

304 2145 386 2220 νίδην
409 2145 461 2212 aul
484 2144 513 2218 ὃς
531 2147 618 2210 ἐλθὼν
638 2145 797 2224 ὀλυμπιάδι
817 2155 1036 2228 πεσσάροικοσπῇ
1057 2145 1126 2228 ἕκτη
1149 2148 1418 2232 (ustauhan.)

304 2270 437 2353 ἐκάθηρεν
467 2272 563 2336 οὐσῶν
592 2270 645 2343 την
675 2269 767 2335 πόλιν.
792 2273 896 2356 Magis
920 2273 1046 2339 inclino
1071 2280 1107 2338 ut
1132 2275 1272 2358 Diogeni
1299 2275 1359 2338 liae
1382 2275 1417 2336 in

303 2418 338 2462 re
375 2399 469 2462 fidem
508 2398 658 2477 habeam,
692 2399 838 2482 primum
875 2399 955 2481 quia
988 2399 1106 2463 Suidas
1138 2420 1214 2464 enm
1248 2403 1336 2464 oiroa
1367 2399 1419 2463 Ol.

304 2525 503 2588 tricesimam
530 2524 605 2606 (660
630 2543 660 2588 a.
685 2522 762 2588 our.
788 2523 831 2606 n.)
857 2531 972 2587 natum
998 2545 1065 2589 esse
1091 2523 1215 2610 (γέγονε
1238 2525 1269 2589 δὲ
1291 2524 1341 2588 ἐπὶ
1367 2532 1420 2598 τῆς

303 2648 332 2714 λ’
362 2648 563 2736 ὀλυμπιάδος)
598 2658 630 2716 et
659 2670 769 2715 senem
804 2650 951 2714 Athenas
976 2652 1101 2716 venisse
1126 2658 1298 2731 memorat,
1326 2650 1416 2737 (ἑκά-

304 2775 366 2856 θηρε
387 2779 458 2853 γοῦν
480 2775 536 2848 σάς
558 2775 686 2850 Ἀθήναις
708 2775 824 2855 νηριιιὸς
848 2773 904 2860 ὤν)
930 2777 1019 2859 quod
1041 2777 1144 2841 multo
1166 2777 1283 2841 melius
1301 2779 1421 2842 dieitur

304 2904 343 2966 de
375 2924 423 2980 eo,
453 2903 510 2986 qui
541 2903 753 2986 sexagenario
785 2907 833 2966 est
865 2903 977 2983 major,
1001 2902 1118 2966 deinde
1141 2903 1220 2984 quia
1243 2905 1416 2967 exvvorois

302 3031 473 3095 Plutarelli
499 3031 534 3118 iu
561 3031 620 3094 lroo
643 3029 713 3113 ipso
732 3030 840 3111 eapite
858 3026 1108 3108 προϋπειρνάσοιτο
1127 3026 1178 3091 uxi
1192 3028 1414 3109 προωδοποίησεν

302 3156 382 3236 οιθσῷ
416 3161 469 3228 σῆς
496 3153 662 3234 νομοθεσίας
692 3156 807 3219 oonliei
838 3175 931 3237 posse
962 3155 1100 3233 videtur,
1131 3156 1201 3237 ejus
1230 3156 1410 3218 adventum

305 3285 392 3347 haud
423 3282 530 3348 mnlto
560 3288 638 3348 ante
664 3283 818 3346 Solonem
842 3283 1035 3345 archontem
1060 3280 1148 3363 (594)
1173 3283 1337 3346 accidisse.
1367 3281 1417 3347 Cf.

304 3407 407 3474 Glint.
431 3409 520 3472 Fast.
545 3405 631 3473 Hell.
653 3427 743 3473 anno
765 3409 839 3472 596.

348 3659 397 3725 Ib.
422 3662 474 3724 32.
497 3659 582 3722 ε’λθθν
606 3657 637 3724 δὲ
659 3656 711 3722 nal
734 3658 774 3738 τῷ
790 3657 897 3722 Σίλωνι
916 3656 1105 3740 χρησάμενος
1124 3658 1202 3740 Φίλρι
1215 3657 1313 3725 πολλά
1331 3682 1421 3741 προσ·

304 3783 500 3867 υπειργάσοιπο
530 3783 582 3850 uel
613 3785 835 3866 προωδοποίησεν
864 3786 941 3866 αὐτῷ
971 3793 1025 3860 τῆς
1048 3785 1225 3863 νομοθεσίοις.
1251 3809 1419 3867 προσυπειρ-

303 3910 422 3990 νάσοιπο
444 3913 491 3976 sio
515 3918 646 3977 tantum
670 3913 748 3976 ferri
772 3919 889 3995 posset,
914 3913 942 3975 si
965 3911 1094 3995 legibus
1110 3913 1240 3977 Solonis
1256 3915 1325 3995 Jam
1349 3934 1422 3994 oon·

304 4038 383 4100 ditis
412 4042 445 4101 et
475 4038 637 4120 evulgatis
668 4038 879 4120 Epimenides
909 4058 968 4101 sua
997 4039 1189 4117 addidissem
1213 4058 1317 4121 quum
1343 4059 1420 4103 vero

304 4163 525 4247 exsequenti
557 4161 779 4242 προωδοποίησεν
802 4164 909 4246 oolligi
936 4165 1036 4246 possit
1060 4165 1226 4242 Solonem,
1250 4184 1316 4247 qno
1342 4169 1421 4228 tem-

306 4308 383 4373 pore
410 4289 621 4372 Epimenides
653 4288 792 4354 Athenis
823 4297 915 4368 esset,
940 4290 1029 4372 leges
1052 4310 1127 4353 suas
1150 4289 1302 4354 nondum.
1322 4291 1422 4371 sosip-
