3360 5228
804 539 844 600 57

261 767 328 812 non
352 767 444 831 pares
467 769 543 812 cum
566 745 679 812 ceteris
701 766 776 830 opes
795 749 856 811 sibi
876 752 1090 829 compacaret,
1112 747 1165 812 sed
1179 750 1377 831 utsuperior

261 893 302 936 ex
324 893 362 938 eo
386 874 571 950 diseederet,
595 874 643 936 ita
663 879 698 936 nt
717 873 888 938 adversam
909 878 1036 955 partem
1062 873 1216 938 omnibus
1229 876 1379 939 numeris

262 999 473 1081 opprimeret.

305 1248 354 1312 Ib.
386 1247 437 1313 10.
465 1247 535 1312 αἰδῶ
559 1247 614 1325 μὲν
635 1242 707 1328 εἶχε.
736 1250 865 1313 Veteres
887 1248 1095 1333 grammatici
1119 1251 1253 1314 tradunt
1277 1269 1376 1314 accu-

261 1374 405 1437 sativum
429 1373 604 1438 verborum
627 1376 663 1437 in
685 1372 705 1437 οἰ
729 1380 761 1438 et
783 1373 820 1446 ὥς
843 1375 1048 1451 exeuntium,
1072 1393 1275 1458 quamquam
1307 1396 1381 1439 con·

263 1505 404 1564 tractum
436 1521 476 1565 ex
505 1498 550 1573 οά,
581 1501 791 1565 scribendum
825 1520 892 1564 esse
922 1498 951 1572 ὠ,
977 1501 1079 1583 igitur
1101 1499 1181 1572 αἰδοί,
1206 1518 1271 1565 non
1297 1500 1378 1564 αἰδῶ.

264 1626 326 1689 Sed
360 1626 438 1708 quia
472 1626 507 1688 in
537 1626 586 1689 his
617 1626 712 1691 rebus
741 1646 855 1689 eorum
890 1626 1070 1689 auotoritas
1092 1626 1270 1689 admodum
1297 1626 1380 1690 levis

263 1756 320 1828 est,
343 1756 431 1816 recte
454 1751 586 1816 fortasse
609 1750 753 1816 Sintenis
776 1771 853 1815 cum
876 1751 1040 1815 codicibus
1063 1751 1191 1834 scripsit
1213 1750 1292 1815 αἰδῶ.

307 1998 386 2081 Cap.
409 1994 517 2076 XXX,
542 2000 572 2062 5.
595 1996 654 2074 „od
678 1995 795 2067 καλῶς’
819 1989 895 2059 εἶπεν
919 1990 969 2073 „ci
987 2003 1049 2060 παί
1065 1996 1281 2079 Ἱπποκράτους,
1307 1997 1381 2063 ὑπο-

262 2122 343 2204 κρίνει
372 2123 420 2188 σίν
451 2121 608 2201 Ὀμνρναίν
637 2120 796 2186 Ὀδυσσέα·
828 2126 928 2186 ταῦτα
957 2123 1014 2204 γαρ
1045 2129 1133 2197 πονεῖς
1164 2123 1231 2198 σοὺς
1253 2122 1380 2196 πολίπας

263 2246 519 2330 παρακρουόμενος,
542 2240 581 2319 οἷς
602 2248 706 2319 ἐκεῖνος
725 2247 791 2320 τοὺς
808 2247 963 2326 πολεμίους
986 2244 1172 2324 ἕξκπνίπνσεν
1193 2245 1381 2327 αἰκισάμενος

264 2373 395 2440 ἓαυπόν.”
427 2376 603 2458 Postquam
634 2374 824 2437 Pisistratus
852 2374 1049 2439 vulneribus
1072 2376 1140 2458 ipse
1163 2376 1226 2439 sibi
1249 2376 1383 2441 inflictis

267 2502 302 2564 in
325 2501 433 2565 forum
458 2501 549 2565 venit
571 2498 793 2583 populumque
813 2499 1003 2578 concitavit,
1023 2499 1209 2564 simulando
1228 2519 1262 2564 se
1275 2501 1384 2583 reipu-

267 2626 372 2690 blicae
395 2645 493 2690 causa
516 2624 643 2688 insidiis
665 2625 708 2687 ab
730 2622 874 2688 inimicis
895 2625 1156 2689 circumventum
1178 2645 1254 2705 esse,
1282 2627 1382 2690 Solon

266 2750 398 2834 propius
427 2748 591 2827 accedens,
623 2769 719 2826 „nou
750 2748 871 2824 recte''¹
892 2751 1001 2834 inquit
1023 2797 1043 2826 „
1052 2750 1203 2832 Ulyssem
1227 2751 1381 2816 Homeri-

266 2896 342 2941 cum
377 2876 455 2960 agis,
488 2894 593 2958 quum
630 2880 676 2953 tu,
706 2893 772 2957 qua
801 2875 917 2939 frande
950 2874 1008 2938 ille
1038 2877 1186 2940 hostibus
1210 2877 1384 2961 imposuit,

265 3003 380 3066 eadem
404 3000 507 3065 utaris
529 2999 571 3062 ad
593 2999 796 3082 decipiendos
819 2997 938 3064 cives.''
964 2997 1070 3065 Nemo
1094 3008 1141 3065 est
1157 3002 1252 3084 quin,
1272 3021 1382 3084 quum

268 3130 347 3192 haec
378 3128 473 3211 legat,
500 3126 613 3191 statim
641 3125 807 3210 intelligat
836 3125 990 3190 Solonem
1019 3127 1165 3192 alludere
1197 3127 1240 3190 ad
1265 3127 1382 3192 dolum

268 3253 403 3336 Ulyssis,
426 3253 484 3335 qui
507 3256 662 3316 narratus·
682 3249 743 3316 Od.
767 3253 797 3329 4,
822 3252 885 3313 242
909 3271 956 3334 sq.
981 3253 1053 3315 Duo
1074 3250 1240 3316 vocabula
1260 3257 1385 3330 autem,

267 3399 353 3463 quae
384 3379 512 3462 adjecta
541 3386 626 3454 sunt,
656 3373 841 3453 αἰκισάμενος
871 3373 981 3448 ἑαυσίν,
1005 3396 1137 3441 sensum
1161 3377 1318 3460 frigidum
1352 3383 1384 3441 et

268 3504 465 3590 languidum
496 3503 635 3568 reddunt
665 3522 863 3586 omnemque
895 3503 1037 3585 leporem
1068 3504 1249 3585 perimunt,
1280 3522 1383 3586 quam

270 3632 312 3696 ob
335 3649 467 3695 causam
490 3647 529 3693 oa
551 3629 588 3691 in
607 3628 803 3711 marginem,
825 3628 883 3692 ubi
903 3628 945 3692 ab
964 3628 1093 3692 erudito
1106 3627 1226 3693 lectore
1238 3627 1386 3711 ascripta

268 3756 411 3836 fuerunt,
435 3753 611 3840 releganda
632 3772 698 3818 esse
721 3753 884 3818 existimo.

314 4003 364 4075 Ib.
387 4007 441 4075 47.

491 4125 544 4198 καί
564 4124 613 4196 aa
635 4129 734 4221 ταῦτα
756 4123 849 4204 κακὴν
871 4122 977 4210 ἔσχετε
1000 4124 1183 4204 δουλοσύναν.

314 4268 487 4336 Sententia
509 4271 669 4358 postulat:
692 4273 794 4354 atque
817 4270 901 4334 hanc
928 4269 972 4334 ob
994 4288 1128 4334 causam
1149 4266 1302 4352 miseram
1322 4285 1386 4350 pa·
