3360 5228
803 563 842 622 66

769 867 877 935 XXII.

312 1057 379 1124 Cic.
402 1059 437 1121 in
463 1058 556 1122 Verr.
580 1060 620 1134 V,
645 1058 662 1142 ᾧ
690 1060 726 1121 5:
817 1141 820 1150 ⁴

312 1181 398 1246 Ubi?
421 1182 574 1266 quando?
595 1203 662 1267 qua
686 1203 727 1247 ex
749 1181 862 1266 parte?
884 1203 961 1247 cum
983 1190 1042 1247 atrt
1065 1184 1194 1247 ratibus
1213 1188 1271 1246 aut
1291 1183 1384 1246 navi·

270 1309 330 1373 bus
353 1315 553 1373 conarentur
575 1307 746 1372 accedere?

313 1434 407 1499 Tolle
429 1408 557 1518 signum
579 1435 846 1518 interrogationis
868 1440 940 1517 post
964 1434 1080 1498 verba:
1105 1453 1173 1516 qua
1195 1453 1236 1498 ex
1257 1437 1361 1516 parte.

759 1631 884 1699 XXIII.

311 1825 360 1889 Ib.
384 1825 401 1906 o
427 1825 485 1886 12:

315 1951 420 2034 [Hace
442 1951 497 2014 ubi
522 1949 704 2033 eveniunt]
730 1969 827 2014 nerno
853 1950 929 2034 [cst]
953 1950 1013 2034 qui
1032 1949 1135 2016 ullam
1160 1968 1249 2032 spero
1266 1948 1383 2016 salutis

269 2077 429 2159 reliquam
455 2096 522 2141 esse
545 2077 732 2142 arbitretur.

311 2203 458 2266 Delenda
480 2177 558 2267 sunt
581 2203 692 2281 verba,
716 2222 800 2286 quae
824 2204 954 2266 uncinis
977 2202 1107 2267 inclusi.

762 2400 882 2465 XXIV.

311 2556 359 2620 Ib.
383 2557 400 2640 ᾧ
425 2558 484 2620 23:

285 2689 286 2692 ’
312 2683 455 2747 Statuite
479 2684 595 2765 quanti
620 2684 678 2747 hoe
701 2683 822 2766 putetis
844 2687 876 2746 et
899 2701 1000 2766 qrranr
1026 2683 1147 2748 multos
1170 2683 1355 2746 redemisse.

312 2810 576 2893 Expungendarn
601 2828 716 2873 censeo
739 2809 1004 2892 conjunctionem
1029 2813 1080 2874 et.

772 3005 877 3074 XXV.

313 3198 404 3263 Caes.
429 3199 468 3263 dc
490 3198 582 3262 Bello
607 3197 745 3276 Gallico,
769 3197 794 3276 I,
820 3198 871 3274 31,
896 3197 934 3260 9:

311 3325 421 3390 Verba
450 3325 564 3408 „quod
593 3324 680 3389 solus
711 3343 818 3406 neque
844 3323 1059 3405 jurejurando
1082 3341 1188 3406 neque
1213 3323 1381 3387 obsidibus

269 3449 458 3514 teneretur'’
481 3449 594 3536 spuria
617 3453 705 3514 sunt.

765 3631 886 3698 XXVI.

312 3798 385 3861 Liv.
408 3799 435 3877 Ι,
461 3801 490 3877 9,
517 3800 577 3862 13:

312 3925 456 3990 Turbato
489 3945 547 4008 per
577 3930 702 3988 metum
732 3925 857 3988 ludicro
890 3925 1005 3990 maesti
1034 3930 1184 4008 parentes
1207 3925 1374 4008 virginum

268 4053 470 4136 profugiunt,
501 4052 688 4116 incusantes
711 4051 868 4115 violati
893 4051 1076 4134 hospitii
1102 4051 1248 4118 foedus
1271 4051 1368 4116 deum

269 4197 333 4262 que
353 4178 557 4242 invocantes.

314 4289 571 4374 Cor-rigandum:
596 4289 758 4356 violatum
784 4290 916 4376 hospitii
939 4290 1062 4354 foedus.
