3360 5228
813 612 830 672 5

267 821 423 885 contiuuo
459 820 561 902 priori
597 820 667 885 loco
703 819 940 902 discrepantem
975 817 1148 902 Hermippi
1182 822 1380 884 sententiam

265 946 383 1010 addere
419 945 591 1021 debuisset,
628 949 659 1008 et
695 923 755 1007 uni
792 944 964 1027 eidemque
997 944 1134 1022 auctori,
1166 944 1253 1027 apud
1283 965 1380 1028 quem

267 1072 365 1134 etiam
388 1071 585 1154 Hermippus
606 1071 805 1148 laudaretur,
828 1075 932 1134 totum
953 1070 1063 1134 deberi
1082 1053 1381 1153 caputsecundumss

308 1334 356 1397 Ib.
390 1335 430 1396 23
461 1333 489 1396 ἐν
518 1332 549 1397 δὲ
571 1339 629 1404 τοῖς
653 1331 719 1396 τότε
742 1331 861 1413 χρόνοις,
886 1332 950 1395 καθ’
981 1329 1120 1404 Ἡσίοδον,
1145 1328 1225 1412 ἔργον
1248 1330 1326 1395 οὐδὲν
1350 1325 1383 1404 ἦν

264 1458 376 1532 ὄνειδος.
410 1461 520 1524 Verba
549 1457 694 1537 Hesiodi,
728 1479 813 1542 quae
837 1459 1009 1522 Plutarchi
1032 1459 1144 1522 auimo
1168 1459 1384 1522 obversantur

265 1592 297 1650 et
329 1587 449 1669 partim
480 1587 523 1648 ab
550 1563 592 1649 eo
617 1586 658 1649 ad
682 1586 821 1648 verbum
848 1585 1038 1661 laudantur,
1064 1581 1217 1667 leguntur
1239 1585 1274 1647 iu
1299 1582 1382 1666 Opp.

265 1732 296 1773 v.
322 1711 506 1773 309-313.
533 1709 688 1774 Attamen
714 1715 830 1793 parum
856 1716 932 1792 apte
956 1710 1153 1773 Plutarchus
1171 1711 1250 1772 mihi
1274 1716 1383 1773 aucto·

266 1838 398 1900 ritatem
433 1836 568 1900 Hesiodi
599 1836 775 1918 protulisse
806 1836 935 1900 videtur
965 1837 1006 1899 ad
1032 1836 1290 1900 confirmandam
1315 1856 1385 1899 sen-

268 1963 406 2026 tentiam
433 1963 471 2026 de
497 1963 644 2026 moribus
667 1963 784 2025 aetatis
808 1963 977 2040 Soloneae,
1002 1963 1124 2046 quippe
1148 1982 1233 2045 quae
1257 1963 1383 2026 duobus

265 2087 331 2150 fere
356 2087 474 2150 seculis
498 2087 541 2151 ab
564 2087 706 2151 Hesiodo
731 2088 838 2152 distet.

310 2335 357 2398 Ih.
388 2335 427 2396 29
459 2332 508 2396 aul
538 2339 641 2407 Θαλῆν
665 2333 697 2398 δέ
720 2339 812 2416 dicon
835 2335 960 2418 ἐμπορίᾳ
982 2335 1156 2417 χρήσασθαι.
1183 2335 1326 2402 (lobetus
1348 2339 1381 2401 in

267 2461 391 2525 Mnem.
420 2461 504 2524 Nor.
530 2460 598 2523 Ser.
621 2460 676 2538 VI,
700 2481 731 2543 p.
758 2463 818 2524 131
844 2463 884 2525 ad
910 2464 1058 2545 proxime
1082 2464 1322 2546 praecedentia,
1346 2464 1381 2526 in

265 2587 388 2671 quibus
412 2586 610 2651 Plutarchus
635 2589 826 2654 brevissime
849 2590 888 2654 de
912 2589 1059 2672 Massilia
1084 2590 1215 2654 condita
1240 2590 1381 2674 disputa·

266 2717 324 2794 vit,
359 2717 438 2779 haec
468 2722 623 2804 annotat:
656 2717 969 2792 „verisimillimum
1002 2719 1049 2778 est
1068 2689 1300 2794 Plutarchum,
1324 2719 1381 2799 qui

266 2841 450 2904 Aristotelis
469 2839 621 2912 Πολιτείας
641 2841 752 2904 sedulo
773 2840 952 2917 lectitabat,
973 2859 1033 2902 sua
1053 2839 1096 2902 ab
1109 2838 1282 2904 Aristotele
1295 2861 1381 2903 sum·

233 3019 237 3026 ,
263 2967 373 3035 sisse.”
397 2965 492 3047 Quod
516 2987 621 3050 aeque
644 2969 807 3049 pertinere
832 2967 985 3029 existimo
1009 2966 1050 3028 ad
1072 2973 1222 3030 nostrum
1244 2968 1282 3031 de
1296 2967 1380 3030 Tha-

267 3093 330 3156 lete
355 3093 474 3171 locum,
499 3095 555 3176 qui
580 3113 620 3156 ex
644 3093 828 3157 Aristotelis
851 3092 998 3156 Politiois
1019 3093 1185 3156 derivatus
1206 3113 1273 3157 esse
1294 3095 1382 3157 vide·

267 3223 331 3279 tur.
355 3214 550 3281 Plutarchus
573 3218 673 3295 enim,
699 3217 733 3279 ni
758 3216 864 3294 fallor,
890 3217 1048 3299 cogitavit
1072 3217 1110 3280 de
1135 3223 1211 3282 noto
1235 3217 1381 3281 Thaletis

265 3342 359 3419 facto,
383 3345 471 3425 quod
494 3343 611 3420 tribus,
635 3349 798 3425 quantum
823 3362 881 3424 ego
904 3343 981 3418 scic,
1007 3342 1087 3405 locis
1110 3343 1206 3406 nobis
1231 3343 1380 3405 traditur.

264 3467 402 3549 Legitur
432 3468 520 3531 enim
552 3467 641 3550 apud
673 3465 865 3532 Ciceronem
898 3467 937 3530 de
970 3467 1083 3530 Divin.
1115 3467 1140 3544 l,
1166 3467 1183 3550 q
1209 3468 1281 3544 lll,
1309 3468 1382 3545 112,

265 3593 353 3672 apud
377 3593 470 3674 Diog.
495 3594 600 3656 Laert.
625 3593 650 3671 I,
675 3595 715 3655 26
739 3600 771 3656 et
795 3595 828 3655 in
856 3593 1043 3656 Aristotelis
1066 3594 1213 3657 Politiois
1239 3593 1380 3674 (hliiller,

265 3718 361 3800 frgm.
392 3718 466 3781 hist.
498 3718 612 3782 Graec.
646 3719 687 3796 Il,
721 3739 751 3802 p.
788 3721 858 3800 165)
881 3720 1065 3796 Thaletem,
1092 3725 1128 3782 ut
1152 3720 1382 3784 obtrectatores

264 3863 339 3907 suos
370 3845 579 3908 convinceret
611 3846 861 3926 ostenderetque
879 3864 989 3927 ,quam
1016 3846 1112 3909 facile
1137 3853 1220 3910 esset
1245 3846 1379 3908 divitem

265 3969 344 4046 fieri,
369 3988 473 4051 quum
499 3971 729 4051 praesensisset
751 3990 906 4052 magnam
928 3971 1075 4034 olearum
1098 3972 1284 4035 ubertatem
1304 3970 1382 4048 fore,

266 4095 379 4158 omnia
403 4095 436 4157 in
461 4115 538 4177 agro
561 4095 689 4160 Milesio
706 4086 838 4159 ¹olearia
862 4095 1053 4159 conduxisse
1074 4106 1174 4179 atque
1194 4097 1271 4160 inde
1285 4097 1382 4160 innu-

267 4220 440 4283 merabiles
470 4221 532 4284 sibi
565 4222 722 4303 pecunias
746 4240 961 4303 comparasse.
986 4223 1147 4304 Diogenes
1170 4223 1320 4286 Laertius
1344 4223 1379 4284 in

266 4345 325 4406 hac
343 4344 479 4408 historia
492 4346 678 4409 enarranda
690 4347 913 4410 testimonium
929 4347 1022 4410 affert
1035 4347 1236 4428 Hieronymi
1250 4347 1381 4424 Rhodii,
