3360 5228
802 612 842 674 25

263 825 336 892 νοιῖις
370 843 415 894 πις
446 829 594 902 προσπλεῖ
619 843 677 906 pro
708 820 870 904 προσέπλει,
902 829 933 888 et
963 822 1044 901 μετὰ
1072 823 1143 900 βοῆς
1167 824 1212 887 dei
1230 843 1289 907 pro
1312 819 1380 899 iden

263 969 342 1012 nam
366 949 491 1013 fiebant
515 951 595 1013 haec
619 950 798 1032 quotannis
821 951 1045 1032 spectauitque
1065 951 1133 1033 ipse
1150 949 1381 1013 Plutarchus.”

264 1075 418 1157 Ejusdem
443 1076 685 1140 emendationis
705 1075 854 1139 nondum
877 1076 937 1138 hac
957 1062 1284 1140 observatiouelecta
1297 1075 1380 1138 mihi

259 1203 329 1284 jam
365 1201 399 1262 iu
437 1206 581 1264 mentem
616 1206 761 1264 venerat.
795 1201 1028 1283 Imperfectum
1053 1201 1224 1265 ferendum
1248 1205 1381 1265 tantum

263 1329 355 1400 esset,
387 1325 413 1387 si
445 1325 615 1389 Plutarchi
645 1331 753 1389 aetate
777 1326 939 1389 ludicrum
965 1327 1105 1389 illudio
1131 1327 1380 1391 desuetudinem

263 1454 406 1518 abiisset.
438 1453 538 1518 Recte
570 1453 690 1518 (lorads
720 1455 953 1537 interpretatus
976 1460 1041 1517 est:
1065 1453 1106 1516 rol
1128 1453 1196 1534 παρ’
1220 1453 1382 1527 'Alalaiou

263 1578 438 1658 τελούμενοι
460 1581 499 1654 εἷς
534 1579 699 1659 οένοὲροννσιν
732 1585 786 1654 πῆς
816 1578 924 1660 μοέχνς
955 1579 1070 1662 ἐκείνοις.
1103 1580 1280 1645 Sinteuisio
1310 1587 1382 1664 post

256 1705 410 1787 ΥΣκιροὶδιον
435 1708 599 1774 nonnulla
617 1707 773 1772 excidisse
792 1707 924 1789 putanti
944 1707 1113 1784 assentior,
1126 1707 1214 1790 quia,
1228 1709 1383 1790 quemad·

266 1833 399 1896 modum
423 1853 513 1896 nunc
537 1832 628 1896 locus
648 1831 778 1915 legitur,
799 1831 931 1896 dativus
949 1831 1188 1914 προσφερομένοις
1207 1834 1293 1896 unde
1305 1853 1381 1916 pen-

264 1957 339 2021 deat
361 1977 429 2021 non
456 1958 563 2022 habet.
590 1959 786 2046 Persuasum
812 1958 896 2021 mihi
914 1963 962 2022 est
982 1979 1047 2022 uon
1066 1978 1159 2040 posse
1178 1959 1248 2021 fieri
1261 1965 1297 2022 ut
1310 1960 1381 2042 ipsa

263 2084 437 2147 Plutarchi
461 2085 563 2148 verba
587 2085 822 2147 restituantur:
846 2084 1000 2148 lacunam
1025 2085 1072 2148 ita
1096 2091 1227 2148 tantum
1249 2086 1380 2168 explere

268 2229 451 2293 possumne,
474 2214 510 2272 ut
528 2229 642 2272 sensus
661 2210 844 2292 probabilis
863 2211 996 2273 oriatur.
1011 2208 1134 2290 Quodsi
1149 2216 1222 2294 post
1234 2209 1382 2291 Σκιροέδιον

266 2336 382 2400 inseris
404 2333 530 2398 ε’νοινπίον
548 2341 610 2408 τοῖς
629 2342 686 2399 aut
706 2335 817 2400 simile
833 2337 923 2418 quid,
937 2339 1176 2402 omniaordine
1188 2340 1380 2421 procedunt.

307 2535 387 2619 Cap.
412 2537 454 2616 X,
483 2537 510 2600 7.

417 2671 493 2746 Aias
518 2675 544 2739 δ’
568 2676 600 2739 ἐκ
622 2683 797 2753 Σολομῖνος
820 2674 893 2756 ἄγεν
917 2676 1094 2742 δνοκοοίδεκοι
1117 2685 1198 2754 νῆοις,

416 2805 507 2872 crica
529 2799 554 2863 δ’
579 2796 659 2877 ἄνοον
682 2797 716 2863 ἵν’
741 2801 905 2875 Ἀθννοιίιον
929 2799 1047 2867 ἵπποινπο
1071 2802 1245 2883 <cethuma

304 2938 363 3000 Est
392 2939 586 3022 pervulgata
617 2942 707 3022 apud
739 2942 872 3006 Veteres
895 2944 1006 3025 opinio
1032 2944 1173 3008 alterum
1201 2965 1333 3009 versum
1358 2967 1379 3009 a

261 3063 382 3128 Solone
415 3063 444 3126 ἐν
475 3067 541 3127 νεῶν
563 3065 722 3145 κοιποονορῳ
747 3067 906 3131 insertum
931 3089 1009 3146 esse,
1033 3089 1098 3152 quo
1121 3069 1381 3137 Atheniensibus

260 3189 405 3252 insulam
437 3190 644 3255 Salaminem
669 3191 862 3256 vindicaret.
886 3193 977 3257 Idem
1001 3199 1116 3257 narrat
1139 3197 1300 3279 Diogenes
1323 3199 1382 3261 La·

261 3315 364 3377 trtius
392 3315 417 3392 I,
443 3317 494 3392 48,
519 3317 575 3379 sed
598 3317 637 3380 de
660 3317 991 3383 Lacedaemoniorem
1013 3321 1149 3402 judicio,
1173 3323 1265 3404 cujus
1289 3323 1381 3386 Plut-

261 3440 379 3503 archus
415 3440 496 3502 facit
531 3442 746 3519 mentionem,
776 3443 863 3506 silet.
895 3444 1012 3508 Strabo
1032 3444 1092 3508 ·IX
1122 3465 1154 3528 p.
1189 3449 1252 3510 394
1283 3450 1381 3513 refert

259 3565 358 3629 scisse
388 3565 446 3648 qui
471 3566 619 3630 fraudem
647 3586 758 3631 versus
782 3569 895 3632 inserti
922 3569 1094 3634 Pisistrato
1120 3572 1314 3652 tribuerent,
1340 3580 1378 3637 ut

260 3689 444 3755 Homerum
468 3692 660 3774 produceret
685 3699 798 3756 testem
825 3695 970 3757 insulam
996 3697 1183 3779 antiquitus
1202 3698 1381 3763 Athenien-

260 3817 346 3879 sium
378 3818 488 3881 fuisse.
522 3817 621 3881 Addit
643 3819 851 3901 Megarenses
873 3822 908 3882 in
934 3841 1026 3885 suam
1051 3823 1192 3906 gratiam
1217 3825 1379 3906 οὶνπιποιρῳ-

261 3941 346 4015 δῆσοιι
369 3939 467 4014 οὕτως·

393 4079 471 4154 Aias
494 4081 519 4144 δ’
544 4082 576 4145 ἐκ
599 4090 778 4162 Σοιλοιμῖνος
801 4082 873 4162 ἄγεν
898 4083 973 4159 νέοις,
998 4082 1031 4149 ἔκ
1052 4110 1085 4149 πε
1109 4086 1259 4166 Πολίχνης

393 4209 425 4271 ἐκ
448 4207 476 4271 π’
500 4207 705 4290 Αἰνειρούσπης
728 4211 856 4284 Νιοοιίης
878 4235 911 4275 πε
934 4211 1083 4292 Τριποῒοιν
1107 4234 1149 4276 πε·

264 4342 285 4409 οἵ
307 4345 369 4408 εὀπι
391 4345 485 4426 χοιρίον
508 4345 674 4427 Μεγαρικοὶ.
