3360 5228
821 603 862 662 23

279 809 308 872 si
343 829 456 873 verunt
481 816 539 889 est,
565 809 763 874 vocabulum
790 808 830 889 σῷ
854 809 969 892 utique
994 810 1192 893 ejiciendum
1218 817 1275 874 est.
1300 812 1400 878 Recte

281 942 393 999 auteur
423 937 550 1020 positus
580 943 628 1000 est
652 936 813 1000 articulus
837 936 870 998 in
895 937 1126 1024 sequentibus:
1152 934 1201 1000 sal
1224 929 1364 1001 κατεῖδεν
1389 937 1402 1001 ὁ

283 1059 381 1124 Σόλων
404 1062 436 1126 πὸ
459 1069 556 1126 πλοῖον
578 1059 775 1140 ἐλαυνόμενον.

325 1329 374 1393 Ib.
400 1329 451 1394 38.
476 1325 550 1392 άσπε
574 1325 687 1406 μηδένα
711 1327 879 1409 διαφυγεῖν.
901 1328 990 1392 Haec
1010 1329 1111 1392 verbo
1131 1348 1197 1391 non
1221 1329 1402 1393 benacum

281 1454 555 1536 praecedentibus
589 1455 764 1518 cohaerere
801 1453 966 1517 videntur.
1004 1453 1096 1516 Dixit
1129 1461 1245 1519 auctor
1274 1462 1401 1520 noster:

280 1580 516 1662 „Megarenses
551 1585 684 1662 aspectu
719 1579 855 1662 decepti,
891 1597 993 1661 quum
1030 1598 1150 1642 navem
1187 1579 1402 1662 appulissent,

282 1705 434 1768 certatim
471 1705 565 1775 velut
596 1705 736 1768 seminas
767 1705 896 1787 capturi
926 1724 959 1768 se
991 1704 1197 1768 effuderunt”
1231 1713 1264 1769 et
1288 1707 1400 1771 statim

281 1832 450 1914 sequitur:
481 1831 560 1918 „ita
590 1851 688 1895 nemo
721 1832 843 1914 effugit,
875 1831 930 1894 sed
961 1850 1076 1894 ornnes
1107 1833 1272 1896 interfecti
1295 1830 1403 1897 sunt.”

286 1958 453 2022 Excidisse
476 1964 556 2046 puto
579 1957 744 2021 nonnulla
769 1958 869 2021 verba
889 1957 987 2040 huJus
1007 1960 1073 2022 lere
1091 1959 1291 2023 sententiae:
1304 1959 1403 2022 Athe-

285 2083 417 2148 nienses
441 2102 517 2150 vero
542 2083 655 2146 statius
678 2083 789 2162 aruris,
809 2101 894 2165 quae
914 2083 1113 2161 celaverant,
1128 2085 1330 2167 expromptis
1343 2085 1404 2148 iru-

283 2214 396 2291 petum
421 2206 455 2271 in
481 2209 687 2292 Megarenses
708 2209 791 2272 nihil
814 2209 879 2272 tale
899 2214 1108 2291 expectantes
1126 2209 1281 2287 lecerunt,
1303 2217 1402 2293 atque

282 2335 330 2398 ita
360 2354 459 2398 rrenro
492 2354 604 2400 eorurn
630 2335 753 2416 effugit,
777 2340 852 2398 cett.
877 2334 917 2400 cl.
942 2334 1101 2416 Polyaen.
1126 2334 1267 2418 Strateg.
1290 2336 1316 2415 Ι,
1342 2337 1403 2399 ab:

280 2458 305 2522 cl
334 2459 375 2531 δὲ,
407 2457 594 2538 σπεισάμενον
617 2458 657 2522 πά
680 2458 854 2539 ἐγχειρίδια,
878 2457 966 2537 μάλα
990 2459 1025 2532 δὴ
1047 2458 1116 2524 cirri
1139 2465 1282 2539 γυναικῶν
1305 2460 1404 2542 ἄνδρες

281 2582 446 2666 ἐφάνησαν,
470 2585 537 2660 ποὺς
565 2585 720 2663 πολεμίους
744 2581 881 2657 ἔκτειναν,
905 2587 961 2648 τῶν
985 2589 1050 2648 νεῶν
1074 2585 1236 2665 ἐπέβησαν,
1260 2594 1314 2661 πῆς
1338 2597 1401 2652 Σκ-

282 2717 408 2789 λοομῑνος
430 2710 602 2793 ἐκράτησαν.

326 2960 404 3044 Cap.
436 2962 494 3042 IX,
528 2963 579 3026 12.
611 2959 827 3041 ὑφορμίσασθαι
860 2968 895 3040 τῇ
927 2967 1083 3038 Σαλαμῖνι
1107 2959 1188 3024 κατά
1211 2960 1311 3040 χηλήν
1334 2985 1400 3027 τινα

282 3086 350 3165 πρὸς
380 3083 433 3158 σὺν
465 3083 595 3162 Εὔβοιαν
625 3083 866 3162 ἀποβλέπουσαν.
899 3083 1028 3163 Εὔβοιαν
1058 3087 1303 3169 ineptissimum
1335 3107 1403 3151 esse

283 3211 458 3276 rectissime
484 3211 565 3280 vion
590 3209 745 3274 Sintenis.
770 3209 872 3274 Nullo
899 3211 994 3274 ruodo
1019 3212 1206 3295 excogitare
1230 3231 1402 3294 possumus

283 3338 548 3419 prouroutoriunr
581 3337 616 3399 in
649 3337 759 3400 insula
783 3337 955 3400 Salarniue
980 3338 1028 3399 ita
1051 3338 1164 3414 situm,
1190 3344 1226 3400 ut
1249 3338 1403 3404 Euboeae

285 3461 451 3544 objectum
484 3463 539 3530 sit.
570 3460 666 3542 Quod
695 3482 797 3546 quum
827 3463 927 3526 etiarn
960 3463 1176 3526 Plutarcburn
1203 3464 1290 3526 haud
1314 3464 1403 3546 iguo·

283 3606 371 3650 rasse
396 3606 558 3666 censeam,
583 3609 725 3654 errorern
751 3591 786 3652 in
812 3595 939 3654 texturn
964 3589 1132 3672 irrepsisse
1150 3597 1229 3672 puto
1247 3590 1402 3674 imperito

284 3715 413 3781 scribae
436 3715 680 3800 imputandum.
705 3714 774 3779 Cur
797 3714 953 3794 Sintenis,
976 3717 1032 3798 qui
1054 3714 1086 3778 in
1107 3717 1324 3780 annotatione
1344 3718 1404 3780 cri·

286 3842 351 3904 tica
386 3841 518 3910 scribit:
552 3838 710 3928 ,Εὔβοιαν
746 3841 993 3922 ineptissimum
1028 3847 1087 3918 est,
1118 3841 1223 3904 scribe
1256 3839 1404 3904 Νίσαιαν”

284 3967 550 4030 emendationem
576 3968 619 4030 ab
643 3967 713 4048 ipso
734 3967 935 4049 propositam
959 3986 1025 4030 nou
1047 3968 1404 4050 receperitintexturn,

284 4111 349 4156 non
376 4110 540 4174 assequor.
565 4090 660 4156 Certe
685 4093 780 4156 lectio
803 4091 931 4156 Νίσαιαν
960 4090 996 4178 (ἡ
1021 4091 1052 4154 δὲ
1075 4090 1188 4155 Νίσαια
1207 4091 1324 4156 ἐπίνοιάν
1343 4093 1406 4157 ἕστο

284 4220 339 4280 πῶν
374 4214 530 4296 Μεγάραν,
563 4217 669 4280 Strab.
705 4220 734 4297 9,
767 4237 798 4299 p.
831 4218 907 4300 391)
941 4219 1126 4281 sententiae
1149 4215 1321 4300 aptissima
1345 4228 1404 4283 est.

286 4342 558 4406 Westerrnannus
592 4343 627 4404 iu
658 4342 800 4407 editione
832 4362 891 4405 sua
924 4342 1011 4406 vitae
1035 4343 1174 4420 Solonis,
1197 4361 1402 4426 quaruquarn
