3360 5228
794 592 834 652 35

259 795 318 858 hac
341 798 507 861 occasione
530 798 641 861 oblata
662 817 816 878 errorem,
837 818 935 882 quem
956 800 1058 864 Grote
1071 802 1094 886 1)
1120 803 1294 880 commisit,
1315 823 1371 868 no·

260 923 339 996 tare,
351 919 496 983 scribens
508 920 661 986 Solonem
676 943 766 986 cum
779 923 1006 988 Philombroto
1019 925 1209 989 archontem
1224 931 1370 1012 creatum

257 1063 333 1123 esse,
365 1065 469 1128 quum
501 1053 593 1129 post
621 1048 886 1112 Philombrotum
912 1051 1053 1113 scribere
1076 1047 1217 1115 deberet.
1242 1051 1370 1130 Graeci,

256 1170 283 1232 si
307 1177 458 1234 accurate
481 1191 618 1251 annum,
641 1191 706 1254 quo
725 1173 799 1254 quis
815 1174 935 1236 archon
956 1174 1073 1252 suerat,
1095 1174 1230 1238 definire
1242 1175 1371 1255 volunt,

256 1313 384 1377 semper
418 1296 531 1359 eodem
570 1296 665 1361 modo
700 1316 765 1379 quo
804 1297 856 1361 hic
883 1298 1080 1362 Plutarchus
1110 1299 1300 1382 loquuntur,
1332 1301 1370 1365 cf.

256 1418 497 1502 Argumentum
521 1421 538 1484 I
562 1423 604 1485 ad
623 1422 851 1505 Aristophanis
871 1423 998 1487 Ranae:
1018 1421 1158 1502 ἐδιδάχθη
1179 1422 1228 1487 ἐτθ
1242 1424 1371 1490 Καλλίου

254 1547 305 1606 τοῦ
330 1544 410 1622 μετά
432 1545 586 1624 Ἀντιγένη
610 1554 643 1612 et
666 1547 743 1631 Arg.
768 1547 817 1610 III
839 1546 978 1627 ἐδιδάχθη
1000 1547 1049 1612 ἐντὶ
1071 1549 1199 1614 Καλλίαν
1218 1548 1368 1631 άρχοντος,
1393 1611 1398 1621 ,

255 1673 304 1733 τοῦ
335 1670 415 1749 μετά
445 1671 617 1750 Ἀντιγένη;
647 1674 736 1737 Plut.
772 1674 838 1738 Sol.
866 1694 935 1758 cap.
960 1677 1018 1737 32:
1042 1673 1093 1755 ἐφ’
1119 1673 1317 1756 Ἡγεστράτου
1340 1675 1371 1740 δὲ

254 1791 375 1858 Σόλωνα
404 1795 498 1878 φησὶν
527 1795 540 1861 θ
572 1797 681 1870 Φανίας
710 1797 864 1861 άτοθανεῖν
895 1801 945 1862 τοῦ
970 1797 1050 1876 μετά
1074 1797 1193 1876 Κωμίαν
1216 1796 1368 1881 άρξαντος·

256 1917 414 2002 Harpocr.
447 1943 479 1988 v,
509 1922 658 2004 στρατεία·
688 1923 711 1987 οἱ
742 1922 768 1986 δ’
792 1919 900 2004 ἔφηβοι
921 1924 1138 2006 ἐγγραφόμενον
1161 1926 1290 2007 πρότερον
1314 1926 1369 2004 μὲν

255 2045 294 2117 εἰς
317 2045 520 2125 λελευκασμένα
538 2055 737 2129 γραμματεῖα
755 2046 956 2130 ἐνεγράφοντο,
977 2047 1030 2113 καὶ
1049 2047 1250 2131 ἐπεγράφοντο
1270 2051 1370 2124 αὐτοῖς

256 2168 272 2234 θ’
299 2196 332 2236 τε
354 2170 452 2254 άρχων
476 2175 525 2256 ἐφ’
550 2169 581 2238 οὗ
603 2173 815 2256 ἐτεγράφησαν
840 2176 913 2260 (leg.
937 2174 1161 2261 ἐνεγράφησαν)
1187 2177 1236 2239 καὶ
1259 2177 1272 2240 ὁ
1295 2178 1370 2241 ἐτά-
1409 2219 1410 2222 =

256 2321 343 2377 νομος
366 2299 379 2363 ά
402 2301 442 2380 τῷ
466 2299 585 2381 προτέρῳ
604 2297 659 2364 ἔσει
682 2301 900 2379 ἐπιδεδημηκώς
917 2301 972 2387 (ἐ)
999 2303 1148 2366 Primum
1177 2305 1286 2385 ipsum
1312 2325 1369 2368 no·

150 2411 152 2416 ¹
258 2445 333 2490 men
368 2427 532 2490 archontis
568 2428 724 2511 eponymi
756 2428 901 2510 ponitur,
933 2429 1051 2492 deinde
1084 2428 1215 2492 additur
1244 2449 1366 2494 nomen

256 2552 423 2639 archontis
444 2553 620 2634 superioris
639 2552 730 2615 anni.
749 2552 856 2615 Possis
874 2554 1034 2635 conjicere
1052 2553 1153 2619 Grote
1165 2555 1272 2638 legere
1284 2556 1370 2621 velle

256 2675 568 2757 uehementissime,
592 2678 647 2741 sed
668 2678 749 2760 quid
772 2697 853 2760 opus
876 2686 957 2743 esset
980 2679 1097 2744 addere
1125 2700 1247 2745 nornen
1270 2682 1368 2744 unius

257 2803 440 2886 ecollegis,
465 2805 608 2868 hominis
631 2823 761 2887 prorsus
783 2803 909 2888 ignoti?

301 3067 350 3131 Ib.
381 3067 432 3131 21.
463 3063 566 3130 πολλοὶ
590 3065 621 3130 δέ
643 3062 694 3128 καὶ
716 3067 771 3128 τῶν
794 3064 842 3128 διά
864 3062 954 3141 μέσον
979 3070 1101 3130 πολιτῶν
1124 3064 1176 3139 την
1201 3065 1255 3131 rinc*
1280 3067 1368 3145 λόγον

258 3189 308 3255 καὶ
343 3189 428 3269 νόμον
451 3190 634 3270 μεταβολὴν
664 3191 778 3272 ὁρῶντες
808 3190 916 3271 ἐργώδη
946 3189 997 3254 καὶ
1029 3192 1170 3271 χαλεπὴν
1200 3186 1288 3257 οὖσαν
1319 3195 1367 3260 οὐκ

257 3313 402 3398 ἔφυγον
431 3313 482 3380 ἕνα
515 3316 563 3380 τδν
594 3316 774 3380 δικαιέτατον
803 3314 854 3379 καὶ
886 3317 1103 3398 φρονιμώτατον
1131 3319 1286 3392 ἐπιστῆσαι
1308 3327 1370 3392 τοῖς

257 3441 439 3522 πράγμασιν.
472 3443 573 3520 Libri,
604 3444 661 3525 qui
691 3462 804 3506 omnes
826 3439 935 3522 ἔφαγον
958 3445 1090 3520 habent,
1118 3445 1270 3508 hocloco
1294 3465 1369 3508 cou-

260 3569 360 3633 trario
382 3587 483 3651 quam
508 3587 577 3651 cap.
603 3569 621 3629 6
646 3567 688 3649 (p.
716 3569 766 3650 14)
793 3569 875 3630 vitio
899 3569 1045 3631 laborare
1066 3569 1231 3632 videntur.
1249 3569 1370 3652 Requi-

257 3694 342 3757 ritur
371 3695 461 3757 euim
492 3693 732 3775 imperfectum,
764 3693 1041 3775 quemadmodum
1070 3694 1105 3755 in
1130 3694 1239 3756 eodem
1263 3695 1369 3777 capite

257 3825 344 3884 recte
374 3819 530 3902 scripturn
555 3823 602 3881 est
624 3816 762 3898 άρέσκειν,
786 3818 874 3900 quod
898 3817 951 3881 hic
974 3823 1022 3882 est
1044 3818 1227 3895 infinitivus
1249 3819 1368 3900 imper·

257 4021 403 4030 ———-.

291 4153 308 4214 ¹)
326 4149 416 4211 Grote,
433 4147 535 4217 history
549 4147 578 4200 oi
590 4147 695 4214 Graece,
712 4147 763 4212 111,
780 4164 804 4216 p.
825 4149 884 4202 14⁶2:
901 4148 972 4210 „und
989 4149 1052 4217 they
1067 4147 1196 4203 therefore
1213 4148 1290 4203 chose
1303 4149 1366 4214 him,

256 4239 398 4310 uomiually
414 4255 443 4292 as
460 4238 556 4292 archon
570 4238 648 4308 along
665 4239 731 4293 with
744 4238 950 4301 Philombrotus,
966 4238 1013 4292 but
1023 4239 1087 4294 with
1096 4242 1218 4310 poweriu
1228 4240 1370 4296 substance

256 4328 429 4386 dictatorial.''
