3360 5228
795 537 835 600 15

255 744 398 810 πείθεοθοον
420 750 454 808 el
475 742 615 813 πιθέσθαι,
638 741 759 825 Φεύνεον
783 749 815 808 el
837 747 944 824 Φονεῖν
966 743 1165 828 similiaque,
1193 746 1248 809 ubi
1275 746 1375 810 edilu-

256 872 301 936 tis
324 877 371 934 est
394 874 538 934 statuere
563 876 674 936 utrum
700 874 853 953 praestet.

300 1061 381 1154 ¹Cep.
412 1072 484 1149 Vll,
513 1073 539 1136 7.
564 1069 648 1135 ἄλλοι
668 1068 721 1140 nel
745 1070 848 1134 ποοῑδοο
865 1071 950 1135 ’θετὸν
974 1067 1047 1150 ἔσχε
1071 1069 1264 1148 ποιησάμενος
1286 1072 1376 1136 οὗτος

257 1195 308 1260 τὸν
337 1202 391 1269 τῆς
425 1197 571 1278 ἀδελφῆς,
608 1193 645 1270 ὥς
675 1202 763 1279 φονον,
796 1195 958 1274 Κύβισθον·
982 1199 1073 1262 Idem
1109 1208 1223 1262 narret
1258 1199 1375 1282 Dioge·

257 1343 315 1386 nes
348 1324 508 1401 Laertius,
543 1325 665 1388 addens
696 1331 808 1387 tamen
840 1325 938 1387 luisse
969 1325 1027 1416 qui
1060 1324 1262 1387 affirmarent
1291 1324 1376 1386 The·

257 1450 354 1514 letem
394 1469 528 1514 uxorem
569 1450 701 1513 duxisse
741 1449 915 1531 filiumque
953 1448 1119 1513 Cibissum
1156 1468 1197 1513 ex
1231 1468 1269 1512 es
1303 1467 1376 1530 pro·

257 1594 381 1638 creasse
389 1600 398 1652 ς
432 1575 527 1657 Diug.
562 1574 670 1638 Ladrt.
705 1574 732 1652 I,
765 1575 823 1636 m:
856 1570 918 1636 ἔνοοο
949 1571 980 1636 δὲ
1010 1571 1059 1636 nel
1090 1578 1189 1650 γῆμον
1213 1573 1299 1637 αὐτὸν
1324 1570 1375 1637 xci

252 1698 394 1776 ,Κίβοοοον
424 1699 480 1763 υἱὸν
511 1696 599 1778 ἔχειν,
632 1698 655 1763 οἱ
686 1699 713 1762 δ’
743 1698 865 1776 ἄνομον
897 1704 1002 1775 μεῖνον,
1035 1704 1089 1772 τῆς
1116 1698 1143 1762 δ’
1166 1698 1303 1779 ἀδελφῆς
1328 1698 1376 1762 τὸν

257 1824 312 1888 νὶὸν
340 1823 444 1888 θέοθοον.

300 2013 349 2077 Ib.
385 2013 435 2075 13.
467 2009 611 2091 ἀλλότριον
634 2008 650 2085 ἢ
674 2011 742 2076 νόθον
766 2009 942 2092 θεράποντες.
968 2013 1041 2076 Nun
1066 2032 1198 2096 possum
1223 2010 1375 2077 accedere

256 2139 297 2202 ed
316 2139 514 2202 sententiam
536 2139 720 2217 Sintenisii,
741 2139 789 2202 ita
808 2139 1087 2220 quemadmodum
1109 2158 1208 2221 supra
1221 2139 1376 2221 exscripsi

256 2265 367 2328 locum
391 2264 633 2328 constituentis.
659 2261 748 2344 Quid
771 2265 860 2327 enim
886 2264 966 2328 hece
991 2263 1182 2327 verbanden
1207 2260 1376 2343 θεράποντες

256 2390 319 2454 sibi
344 2388 486 2454 volunt?
507 2390 693 2454 sexcenties
716 2391 858 2472 repen’es
883 2387 958 2462 νόθος
981 2388 1047 2462 υἱός,
1072 2387 1139 2452 νόθον
1159 2387 1282 2461 παῖδες,
1302 2391 1377 2472 qui-

257 2517 318 2580 bus
349 2521 561 2598 opponuntur
591 2511 710 2592 γνήσιον,
741 2514 798 2585 υἱὸς
821 2513 947 2592 γνήσιος,
971 2514 1102 2596 ἀδελφὸς
1125 2514 1252 2592 γνήσιος,
1277 2514 1374 2594 μήτηρ

256 2640 374 2719 ymnis,
406 2642 462 2708 sed
490 2661 655 2724 nusquam
685 2639 753 2705 νόθον
777 2639 840 2705 'eut
863 2640 972 2718 γνήσιον
996 2639 1162 2721 θεράποντες
1187 2662 1239 2707 mc
1263 2643 1376 2724 legere

259 2768 408 2832 memini.
440 2765 507 2848 Qui
538 2773 651 2831 etitem
676 2768 820 2832 codicem
846 2768 1033 2831 Parisinum
1059 2768 1156 2832 litere
1178 2766 1204 2831 O
1228 2767 1377 2849 designa·

257 2901 327 2958 tum
353 2895 533 2976 exscripsit,
560 2895 638 2957 haec
661 2895 726 2959 duc
752 2895 853 2957 verbe
872 2896 959 2958 inter
979 2914 1013 2957 se
1033 2896 1188 2977 conjungi
1203 2914 1268 2958 non
1282 2914 1375 2976 posse

257 3020 471 3097 intellexisse,
495 3024 595 3102 etque
620 3021 704 3082 hanc
729 3020 771 3083 ob
790 3039 922 3083 causam
945 3019 1144 3083 vccabulum
1167 3016 1277 3089 νοοῑδος
1292 3019 1378 3082 inse·

258 3146 362 3209 ruisse
393 3146 541 3212 videtur:
573 3145 690 3209 deinde
713 3153 784 3227 post
807 3145 919 3216 νοοῖδες
945 3127 1047 3208 habel
1067 3141 1094 3217 l.
1119 3145 1217 3207 Imm.
1242 3145 1376 3208 Bekker

257 3271 356 3333 unius
386 3270 506 3334 codicis
537 3268 564 3333 G
594 3270 826 3334 auctoritatem
856 3275 987 3334 secutus
1019 3272 1053 3333 in
1078 3272 1220 3335 editione
1243 3291 1303 3334 sue
1329 3271 1376 3334 sic

258 3393 354 3476 legit:
386 3394 528 3474 ἀλλότριον
556 3392 605 3457 xci
635 3393 704 3458 νόθον
735 3395 845 3466 exiise
874 3391 890 3467 ἢ
924 3393 1100 3475 θεράποντες.
1134 3393 1267 3479 Optime
1296 3399 1376 3460 haec

258 3538 326 3583 sese
339 3519 521 3618 luberent,
545 3519 573 3581 si
599 3520 703 3598 modo,
727 3540 828 3604 quam
850 3522 892 3585 cb
912 3540 1044 3586 causam
1067 3522 1102 3583 in
1122 3522 1276 3585 omnibus
1294 3528 1378 3586 cete·

257 3644 302 3706 ris
333 3642 501 3706 codicibus
526 3645 725 3708 vccabulum
750 3645 859 3716 ονοΐδες
882 3646 969 3709 absit
995 3646 1256 3710 demonstratum
1284 3654 1376 3712 esset.

258 3768 394 3846 Verum,
426 3768 463 3830 ni
494 3768 601 3847 fallor,
632 3769 788 3834 Reiskius
822 3771 916 3848 vidit,
950 3772 1019 3853 qui,
1044 3771 1162 3843 παῖδες,
1189 3791 1255 3854 quo
1280 3773 1377 3836 facilc

258 3912 368 3957 cerere
391 3912 576 3975 possumus,
602 3895 758 3958 omittens
782 3895 831 3958 ita
855 3896 963 3960 locum
987 3895 1307 3980 praestandusne
1327 3894 1376 3959 κο)

257 4016 325 4082 νόθον
359 4014 375 4090 ἢ
412 4015 588 4098 θεράποντες.
620 4019 660 4081 Iu
693 4021 966 4084 annotationibus
997 4029 1109 4085 eutem
1143 4022 1249 4085 addit:
1282 4027 1377 4098 „tres

258 4143 409 4207 nominat
440 4142 556 4207 classes
588 4144 773 4224 hominum,
806 4142 850 4210 1⁰.
879 4145 1040 4228 ingenuos
1069 4147 1205 4224 alienos,
1242 4146 1285 4210 2⁰.
1306 4152 1377 4212 tuos

256 4268 312 4329 sed
335 4268 473 4350 spurios,
499 4267 542 4332 3⁰.
566 4287 677 4332 servos
698 4269 738 4332 de
761 4269 890 4332 familie
913 4269 1003 4334 tue.”
