3360 5228
792 547 833 610 31

250 761 338 836 sisse,
370 754 639 838 προσυπειργάσατο
661 757 696 819 iu
720 751 969 836 προϋπειργάσατο
994 755 1191 819 mutandum
1217 759 1264 817 est
1288 754 1366 837 (jam

250 905 271 946 a
304 883 441 946 Reiskio
476 882 702 966 propositum),
740 881 828 962 quod
861 880 1039 962 siguificat:
1077 879 1182 942 multa
1216 878 1370 944 Solonem

252 1009 398 1074 nondum
424 1008 551 1092 legibus
574 1008 670 1071 editis
693 1007 822 1091 adjuvit
847 1007 1019 1089 multaque
1037 1007 1068 1070 ei
1087 1004 1364 1084 subministravit,

255 1134 377 1216 quibus
400 1135 428 1198 ei
453 1134 548 1217 quasi
571 1133 799 1216 praemuniret
822 1133 924 1196 viam.

297 1393 377 1478 Cap.
407 1395 499 1474 XIII,
533 1399 563 1460 2.
594 1395 647 1469 rho
670 1395 803 1460 παλαιάν
826 1389 906 1470 αὖθις
929 1394 1033 1461 στάσιν
1056 1395 1124 1478 ὑπὲρ
1148 1403 1201 1471 τῆς
1224 1395 1374 1470 πολιτείας

251 1517 439 1600 ἐστασίαζον.
468 1520 580 1584 Malim
615 1543 690 1586 oum
722 1522 857 1586 Reiskio
889 1523 1068 1587 articulum
1098 1520 1150 1594 τίον
1174 1527 1247 1605 post
1270 1521 1376 1587 στάσιν

252 1649 382 1725 Iterare,
405 1649 486 1731 quIa
511 1649 612 1712 verbo
636 1647 703 1728 ὑπὲρ
724 1653 777 1720 τῆς
797 1647 946 1721 πολιτείας
966 1650 1084 1714 melius
1104 1670 1178 1714 eum
1200 1647 1254 1721 rhu
1271 1647 1374 1712 στάσιν

252 1793 353 1856 quam
379 1793 455 1836 oum
479 1770 653 1852 ἐστασίαζον
676 1773 935 1858 conjunguntur.
960 1774 1114 1839 Ceterum
1140 1775 1278 1838 observa
1304 1772 1373 1854 ὑπέρ

254 1899 307 1960 hio
341 1919 399 1982 pro
434 1897 499 1978 περί
527 1899 672 1981 positum
706 1919 782 1978 esse,
814 1918 881 1982 qua
911 1899 1150 1981 significatione
1182 1900 1373 1982 saepissime

254 2032 433 2109 usurpatur
456 2032 529 2108 post
553 2027 653 2091 verba
676 2023 780 2104 λέγειν,
806 2025 940 2106 γράφειν,
964 2024 1082 2088 διελθεῖν
1106 2026 1311 2109 similiaque.

295 2274 344 2337 Ib.
375 2275 405 2338 4.
436 2277 570 2338 τοσαῦτα
592 2273 663 2355 μίρν
686 2280 740 2348 τῆς
764 2272 874 2347 πόλεως
898 2273 1069 2348 διαστάσας.
1095 2275 1264 2372 „Necesse
1287 2281 1371 2358 puto

255 2399 294 2471 εἰς
329 2399 482 2485 praefigi·
509 2406 545 2464 ut
579 2403 716 2484 quidam
749 2403 838 2466 oodd.
873 2400 1024 2478 lraberrt,'’
1056 2402 1158 2466 Henr.
1188 2401 1373 2485 Stephanus

253 2526 416 2604 observat,
444 2546 542 2610 quem
567 2533 677 2591 tamen
703 2529 849 2593 Siutenis
873 2548 940 2592 uon
964 2535 1014 2592 est
1035 2534 1176 2593 seoutus.
1201 2526 1370 2608 Quemad-

253 2651 388 2715 modum
422 2652 541 2716 Latiue
577 2652 697 2717 dieitur
734 2653 902 2729 „distrahi
933 2654 968 2716 iu
999 2652 1140 2737 partes‚”
1171 2655 1218 2717 sio
1250 2636 1373 2717 Graece

252 2775 415 2840 διίστασθαι
445 2777 476 2840 εί
485 2802 499 2850 ς
529 2776 619 2858 μέρος
650 2780 844 2863 praepositio
879 2779 1010 2843 omniuo
1042 2780 1224 2844 necessaria
1249 2790 1306 2857 est,
1334 2779 1375 2844 of.

254 2905 423 2968 Demosth.
448 2903 529 2968 κατά
553 2903 699 2968 Φιλίππου
724 2902 761 2966 Δ’
785 2925 816 2988 p.
843 2907 923 2969 132:
945 2901 1088 2982 τοιγάρτοι
1107 2899 1296 2976 διεστηκότων
1319 2902 1375 2974 είς

253 3027 301 3092 διίο
325 3033 423 3094 ταῦτα
447 3033 502 3093 τῶν
525 3030 554 3093 ἐν
576 3037 645 3102 ταῖς
668 3029 778 3102 πόλεσι,
803 3033 858 3093 τῶν
882 3025 937 3107 μὲν
959 3029 1011 3102 είς
1033 3029 1066 3094 τὸ
1090 3027 1168 3106 μήτε
1191 3026 1293 3110 άρχειν
1317 3027 1371 3111 βίον

254 3152 409 3231 βούλεσθαι
443 3154 566 3233 μκδενίς
602 3193 645 3202 -
676 3159 732 3219 τῶν
762 3154 788 3219 δ’
821 3155 874 3227 είς
903 3154 935 3220 τὸ
966 3151 1065 3235 άρχειν
1091 3155 1146 3233 μὲν
1168 3159 1224 3219 τῶν
1246 3158 1370 3219 πολιτῶν

253 3278 402 3357 ἐπιθυμεῖν
433 3303 459 3343 κ.
480 3303 507 3344 τ.
528 3293 556 3346 λ.
585 3281 687 3346 Thus.
719 3280 745 3360 Ι,
771 3274 817 3344 '15
843 3278 979 3358 μάλιστα
1003 3273 1034 3345 δὲ
1057 3281 1086 3352 ἐς
1109 3282 1157 3345 τὸν
1180 3295 1275 3345 παλαι
1300 3281 1371 3345 ποτὲ

252 3403 404 3482 γενόμενον
433 3403 561 3482 πόλεμον
588 3404 754 3470 Χαλκιδέων
786 3403 837 3471 καί
861 3406 1007 3488 Ἐρετριῶν
1030 3405 1081 3470 καί
1105 3407 1138 3472 τὸ
1157 3405 1232 3474 άλλο
1257 3407 1367 3480 Ἑλλα-

253 3527 326 3592 νικδν
349 3529 385 3602 ἐς
409 3525 592 3610 ξυμμαχίαν
618 3529 758 3612 ἑκατέρων
782 3530 890 3604 διίστκ.

299 3776 348 3841 Ih.
375 3778 426 3840 13.
449 3774 465 3850 t
491 3775 547 3858 γάρ
570 3777 725 3859 ἐγεώργουν
748 3777 859 3852 ἐκείνοις
882 3781 936 3863 (so.
957 3779 981 3844 οί
999 3779 1121 3855 πένητες
1140 3787 1201 3858 τοίρ
1214 3780 1369 3872 πλουσίοις)

254 3898 328 3964 ἕκτα
350 3905 405 3965 τῶν
429 3901 584 3980 γινομένων
607 3909 767 3978 τελοῦντες,
789 3905 947 3987 ἑκτημόριοι
967 3906 1244 3990 προσαγορευόμενοι.
1267 3911 1371 3989 „Duo

254 4025 289 4088 iu
317 4028 365 4090 his
389 4029 475 4091 vitiu
496 4036 590 4093 suut:
614 4031 756 4094 alterum
783 4032 944 4098 librorum
970 4030 1128 4114 ἓκτκμθριοι
1147 4055 1204 4118 pro
1225 4033 1372 4116 ἑκτθμοροι

257 4153 308 4235 (ut
330 4153 490 4235 γεάμοροι),
515 4156 656 4220 alterum
680 4158 853 4222 Plutarchi
876 4160 933 4242 qui
952 4161 1152 4242 pauperibus
1172 4181 1229 4244 pro
1250 4166 1373 4229 sexta

256 4284 378 4361 parte
408 4281 598 4362 quinque
627 4287 773 4364 partes
797 4285 963 4350 fruetuum
990 4285 1118 4354 tribuit.
1142 4285 1261 4354 Melius
1285 4287 1371 4375 anu
