3360 5228
833 519 872 580 56

302 724 437 808 ζεύγλην.
470 727 612 791 Dativus
641 748 709 793 uno
740 732 872 792 tantum
897 728 978 805 looo,
1005 733 1169 810 quantum
1194 730 1305 808 sciam‘,
1329 729 1420 795 inve·

303 857 405 934 nitur,
440 856 497 920 ubi
536 861 648 919 tamen
683 855 819 919 verbum
853 875 920 918 uon
951 873 1046 919 sensu
1078 856 1207 940 proprio
1231 855 1420 919 adhibitum

308 986 373 1044 est:
397 978 457 1046 Od.
483 980 534 1059 10,
560 981 640 1043 398:

616 1106 705 1168 πῖιοιν
730 1105 758 1169 δ’
783 1103 902 1185 ἱμερόεις
924 1103 1013 1169 ὑπέδυ
1039 1104 1114 1184 γόος.

310 1246 459 1308 Praestat
480 1244 583 1328 igitur
602 1244 700 1308 lecti0
724 1241 879 1316 ὑποδύντες
900 1244 933 1308 τὸ
956 1241 1053 1324 ζυγόν.

298 1507 302 1516 “
361 1492 439 1575 Cap.
462 1492 621 1571 XXVIII,
644 1495 675 1557 4.
699 1498 761 1564 τοῖς
784 1491 939 1568 βασιλεῦσι
961 1491 1008 1555 δεῖ
1026 1493 1063 1564 ὥς
1086 1488 1192 1564 ἥκιστα
1215 1489 1231 1565 ἢ
1256 1493 1293 1564 ὡς
1316 1489 1423 1565 ἥδιστα

309 1620 426 1698 ὁμιλεῖν.
462 1620 596 1684 Dictum
632 1619 751 1703 Aesopi
785 1619 1016 1702 pervulgatum
1054 1619 1089 1682 in
1123 1619 1262 1683 Graecia
1292 1619 1423 1683 videtur

310 1747 418 1824 luisse,
450 1746 572 1828 quippe
602 1744 689 1830 qnod
719 1749 751 1808 et
781 1744 976 1808 laudatura
1000 1744 1144 1809 Diodoro
1169 1744 1279 1808 Siculo
1303 1743 1376 1823 XV,
1405 1747 1420 1809 7

316 1870 405 1958 (διὀτι
429 1871 471 1934 δεῖ
493 1871 540 1935 τὸν
563 1870 725 1951 φιλόσοφον
748 1875 809 1942 τοῖς
831 1867 974 1950 τνραννοις
996 1867 1014 1943 ἢ
1039 1871 1075 1942 ὡς
1099 1865 1205 1943 ἥκιστα
1228 1868 1301 1943 ἢὼς
1319 1867 1426 1942 ἥδιστα

311 1997 432 2074 ὁμιλεῖν,
456 2002 638 2079 quaesunt
661 1996 762 2060 verba
785 1995 1054 2080 philosophorum
1078 1995 1362 2076 Syracusanorum
1383 1995 1425 2058 ad

310 2124 496 2206 Platonem)
529 2127 561 2186 et
584 2143 603 2185 a
627 2121 759 2186 Valerio
782 2122 928 2185 Maximo
954 2120 1027 2197 vll,
1052 2123 1082 2199 2,
1107 2120 1158 2196 11,
1182 2120 1242 2202 qui
1265 2118 1423 2183 Aristote-

308 2248 374 2312 lem
395 2247 629 2312 Callisthenem
652 2247 837 2310 auditorem
857 2266 953 2309 suum
973 2246 1014 2309 ad
1026 2244 1251 2309 Alexandrum
1266 2244 1426 2327 Magnum

310 2375 534 2440 dimittentem
558 2375 607 2438 ita
633 2374 821 2456 loquentem
840 2374 935 2437 lacit:
955 2377 1021 2451 „ut
1040 2393 1116 2437 oum
1137 2391 1174 2436 eo
1187 2371 1426 2436 autrarissime

307 2506 366 2565 aut
390 2517 492 2584 quam
512 2500 751 2583 jucundissime
775 2499 997 2584 loqueretur.”
1042 2487 1071 2582 Ἰ

354 2747 402 2810 Ib.
440 2747 491 2810 15.
522 2746 578 2808 τῶν
610 2743 679 2825 παρ’
716 2741 845 2820 Ἕλλησι
875 2748 974 2826 σοφῶν
1003 2739 1043 2818 εἷς
1073 2739 1153 2819 οὗτος
1178 2741 1211 2821 ἦν
1234 2746 1311 2827 ἀνήρ.
1338 2746 1428 2828 Quia

310 2870 453 2934 articulo
477 2889 588 2934 carere
613 2890 681 2934 non
704 2890 886 2953 possumus,
904 2872 1110 2936 scribendum
1131 2873 1263 2937 videtur
1282 2871 1361 2952 ἁνήρ,
1385 2873 1429 2937 ol.

311 2993 391 3059 Cob.
422 2996 545 3059 Mnem.
575 2994 660 3059 Nov.
692 2996 759 3059 Ser.
792 2997 867 3061 Vol.
900 2998 955 3076 VI,
979 3018 1010 3081 p.
1037 2998 1110 3063 133.
1134 2998 1252 3088 Levior
1275 3004 1322 3062 est
1347 2999 1426 3063 haec

313 3123 455 3186 mutatio
489 3141 589 3206 quam
627 3123 791 3187 Sohaeleri
827 3128 858 3186 et
887 3123 1041 3201 Bekkeri,
1073 3143 1154 3207 qnos
1184 3123 1279 3188 video
1312 3123 1325 3187 ὃ
1356 3123 1425 3204 ἀνήρ

311 3249 481 3331 scripsisse.

357 3493 434 3580 Gap.
466 3497 591 3575 XXIX,
620 3497 647 3562 'l.
672 3497 721 3560 οὐκ
744 3494 802 3560 ἴσον
825 3495 1007 3577 ἐλπίζοντας,
1031 3496 1115 3561 ἄλλοι
1134 3495 1221 3561 πλέον
1245 3493 1316 3571 ἕξειν
1340 3496 1369 3559 ἕν
1392 3504 1428 3576 τῇ

313 3621 469 3703 μεταβολῇ
493 3620 545 3686 καὶ
568 3622 719 3703 κρατήσειν
743 3621 918 3688 παντάπασι
936 3627 992 3687 τῶν
1012 3621 1232 3705 διαφερομένων.
1252 3625 1428 3707 Perperam

313 3748 469 3812 Reiskius
498 3749 533 3811 in
564 3749 711 3813 versione
733 3750 857 3813 latina:
882 3750 1086 3833 „sperabant
1110 3769 1229 3832 nempe
1252 3769 1319 3813 non
1344 3748 1430 3831 quod

314 3893 457 3956 aequum
488 3880 568 3952 erat,
601 3875 655 3938 sed
686 3874 799 3938 aliena
828 3894 958 3959 quoque
981 3893 1013 3938 se
1035 3874 1295 3938 assecuturos-in
1325 3878 1429 3937 muta·

314 4001 412 4078 tione,
445 4005 477 4063 et
509 3999 678 4064 adversam
710 4005 837 4082 partem
864 4001 1081 4084 undequaque
1105 3999 1345 4083 oppressuros.”
1369 3996 1428 4061 loon

297 4125 579 4208 ‘conjungendum
613 4132 760 4190 osteum
785 4122 856 4200 ἕξειν
880 4133 914 4190 et
939 4127 1118 4209 opponitur
1145 4127 1217 4190 voci
1241 4124 1336 4189 πλέον.
1363 4126 1431 4208 Sig-

315 4254 427 4317 nificat
456 4253 575 4336 igitur:
606 4255 758 4336 sperabat
786 4272 938 4337 quaeque
967 4252 1070 4332 tactio
1091 4250 1159 4317 lore
1184 4256 1221 4314 ut
1242 4253 1424 4317 certamina
