3360 5228
792 532 834 596 tt

255 741 481 822 unnsquisque
503 741 572 823 ipse
595 760 707 805 secum
730 740 1001 824 contemplator,''
1024 742 1078 805 cui
1104 741 1243 806 minime
1262 761 1369 805 assen-

256 866 329 929 tior.
361 863 485 930 Censeo
516 866 606 929 anim
638 867 688 928 his
712 866 821 930 verbis
844 867 1059 931 Plutarchum
1085 885 1153 931 sese
1176 877 1367 932 convertere

256 990 296 1052 ad
321 991 466 1053 amicum
492 990 637 1053 sossium
661 989 887 1068 Senecionem,
910 991 963 1054 cui
986 997 1112 1074 partem
1138 1011 1274 1075 operum
1297 1011 1368 1056 suo-

255 1137 328 1180 rum
353 1116 518 1180 dedicavit
541 1123 573 1180 et
597 1135 694 1198 quem
717 1116 921 1179 nominatim
940 1116 1123 1198 alloquitur
1144 1118 1180 1180 in
1198 1117 1367 1201 prooemio

255 1241 485 1332 quaestionum
522 1239 748 1304 convivalium
784 1244 816 1304 et
846 1241 881 1303 in
914 1240 1011 1304 initio
1041 1241 1186 1304 vitarum
1219 1240 1367 1320 Romuli,

255 1366 488 1429 Demosthenis
510 1369 542 1429 et
567 1365 691 1430 Dionis.

300 1685 379 1771 Cap.
409 1686 485 1764 XX,
521 1688 549 1750 1.
576 1684 681 1749 τῶνδ’
705 1685 803 1748 ἄλλων
826 1686 915 1749 οιύτοῦ
939 1684 1033 1763 νόμον
1055 1683 1128 1760 ἴδιος
1153 1687 1208 1765 μὲν
1231 1685 1370 1766 μάλιστα

179 1827 183 1834 ’
255 1813 304 1878 axi
333 1810 495 1894 τοιριὶδοξος
524 1813 538 1876 ὅ
568 1811 690 1877 κελεύων
720 1810 826 1891 ἄτιμον
857 1807 927 1877 εἷνοιι
957 1814 1005 1878 τὸν
1027 1815 1057 1878 ἕν
1081 1813 1182 1880 ττοέοει
1207 1815 1369 1897 μηδετέροις

255 1939 372 2020 μερίδος
401 1938 562 2018 γενόμενος.
592 1939 718 2003 Passim
737 1940 823 2003 'haec
847 1939 977 2004 Solonis
1002 1941 1055 2005 lex
1078 1947 1111 2005 et
1133 1942 1219 2024 apud
1241 1943 1368 2005 Plutar-

255 2068 354 2131 chum
384 2065 502 2149 (praee.
531 2064 670 2148 reipubl.
702 2065 862 2147 gerendae
894 2067 946 2141 82,
976 2065 1015 2128 de
1044 2066 1115 2130 soll.
1139 2067 1243 2130 anim.
1268 2069 1297 2144 8,
1328 2067 1369 2130 de

255 2213 327 2258 sara
348 2213 441 2257 num.
466 2193 556 2256 vind.
581 2194 613 2274 4)
637 2197 671 2255 et
688 2191 776 2274 apud
793 2191 964 2274 scriptores
983 2191 1150 2256 Romanos
1169 2211 1367 2257 commemo·

253 2323 356 2395 ratur,
379 2318 420 2381 cl.
445 2315 521 2380 Aul.
544 2315 628 2380 Gall.
652 2315 693 2392 II,
720 2316 770 2393 12,
795 2313 863 2380 Cic.
885 2316 969 2398 Epp.
991 2317 1032 2379 ad
1054 2314 1192 2395 Att'X,
1218 2318 1248 2380 1.
1271 2317 1369 2382 Diffe-

254 2448 334 2506 runt
355 2448 467 2506 autern
491 2443 580 2507 inter
602 2461 635 2505 se
656 2441 692 2503 in
716 2441 888 2505 statuenda
909 2460 1032 2523 poena:
1058 2441 1255 2508 Plutarchus
1275 2445 1367 2507 enirn

254 2569 438 2647 infamiam,
475 2566 666 2631 Aristoteles
700 2566 787 2648 apud
816 2565 962 2631 Gellium
994 2566 1041 2630 l.l.
1075 2567 1224 2644 exilium,
1247 2565 1364 2632 Cicero

256 2700 395 2759 mortem
419 2713 561 2777 poenam
586 2693 683 2757 fuisse
707 2691 819 2756 tradit.

297 3007 348 3071 Ib.
375 3007 427 3071 36.
451 3003 514 3070 οὐδὲ
532 3001 694 3085 περιοπτέον
711 3001 816 3082 ἀώρους
835 2999 886 3065 κιο)
907 3000 1066 3082 οὶχοιρίτους
1077 2999 1250 3074 ἐτιτλοκοὶς.
1265 3002 1369 3078 „Per-

255 3141 352 3217 petuo
372 3133 529 3198 Veterum
555 3151 615 3195 usu
639 3127 758 3209 εὕχοιρις
782 3135 814 3193 et
832 3126 1014 3207 εὐχάριστος,
1035 3124 1143 3207 ἄχοριι
1164 3123 1369 3206 εῐοὶχοὶριοτος

255 3260 302 3322 sic
332 3259 579 3339 distinguuntur
611 3259 649 3318 ut
679 3254 865 3316 animum
896 3258 1063 3335 gratum
1094 3261 1127 3316 et
1150 3252 1368 3334 ingratum

207 3460 210 3464 ,
257 3384 462 3447 habentes
491 3377 655 3461 εὐχάριστοι
674 3385 705 3444 et
724 3375 879 3458 οὶχοὶριοτοι
899 3379 1060 3456 dicantur,
1081 3379 1135 3442 sed
1163 3382 1369 3442 venustus

255 3513 287 3573 et
318 3505 450 3571 scitus
480 3511 512 3569 et
542 3505 717 3587 elegans
747 3500 866 3582 εὔχορις
898 3508 931 3567 et
953 3501 1088 3582 ἕτίχιιρις
1112 3503 1313 3577 nominetur,
1336 3507 1370 3566 et

255 3628 364 3711 ἄχαρις
380 3632 437 3714 qui
458 3629 705 3694 venustatis
724 3635 756 3691 et
774 3628 1016 3710 elegantiae
1034 3628 1075 3691 sit
1091 3646 1248 3709 expers.
1262 3627 1369 3694 Nasci

255 3776 321 3819 non
346 3760 423 3818 sunt
447 3755 567 3819 lormae
591 3753 613 3826 ὃ,
635 3752 651 3825 ἡ
670 3749 823 3832 οὶχοὶριτος,
843 3749 995 3832 εὐχοίριτος
1016 3751 1369 3831 θῐὲτιχοὶριτοςεθοεο·

254 3881 336 3944 culis
360 3880 512 3962 imperite
535 3881 640 3943 lictae.
664 3880 791 3943 Probae
814 3884 891 3943 sunt
913 3881 962 3943 τοῦ
985 3875 1137 3959 οὶχοὲριτος,
1161 3877 1185 3942 οἱ
1207 3875 1368 3958 εὐχάριτες,

254 4011 286 4070 ot
308 4007 354 4068 sie
377 4003 418 4068 rot
439 4001 605 4084 οὶχοὲριτοι.”
632 4005 683 4088 (V.
706 4004 755 4070 Ol.
780 4003 921 4070 (lobetus
945 4006 981 4068 in
1005 4004 1089 4069 Nov.
1113 4005 1216 4069 Leott.
1238 4023 1270 4086 p.
1291 4004 1367 4088 420)

254 4126 489 4212 Corrigendum
514 4130 616 4212 igitur
639 4135 686 4194 est
709 4127 870 4209 οὶχοὶριτοις,
894 4129 982 4212 quod
1005 4130 1048 4194 ob
1071 4127 1219 4192 vicinum
1238 4128 1369 4212 adjecti-

254 4274 335 4318 vum
356 4257 392 4318 in
415 4277 462 4328 ους
484 4254 595 4320 exiens
618 4255 731 4318 labam
755 4254 955 4319 contraxisse
979 4253 1124 4318 videtur.
