<?xml version="1.0" encoding="UTF-8"?>
<!DOCTYPE html PUBLIC "-//W3C//DTD XHTML 1.0 Transitional//EN"
    "http://www.w3.org/TR/xhtml1/DTD/xhtml1-transitional.dtd">
<html xmlns="http://www.w3.org/1999/xhtml" xml:lang="en" lang="en">
 <head>
  <title>
</title>
<meta http-equiv="Content-Type" content="text/html;charset=utf-8" />
  <meta name='ocr-system' content='tesseract 3.04.00' />
  <meta name='ocr-capabilities' content='ocr_page ocr_carea ocr_par ocr_line ocrx_word'/>
</head>
<body>
  <div class='ocr_page' id='page_1' title='image "./observationesin00eggigoog/observationesin00eggigoog_0031.png"; bbox 0 0 3360 5228; ppageno 0'>
   <div class='ocr_carea' id='block_1_1' title="bbox 835 569 875 631">
    <p class='ocr_par' dir='ltr' id='par_1_1' title="bbox 835 569 875 631">
     <span class='ocr_line' id='line_1_1' title="bbox 835 569 875 631; baseline -0.025 0"><span class='ocrx_word' id='word_1_1' title='bbox 835 569 875 631; x_wconf 81' lang='lat' dir='ltr'><strong>aa</strong></span> 
     </span>
    </p>
   </div>
   <div class='ocr_carea' id='block_1_2' title="bbox 302 774 1413 859">
    <p class='ocr_par' dir='ltr' id='par_1_2' title="bbox 302 774 1413 859">
     <span class='ocr_line' id='line_1_2' title="bbox 302 774 1413 859; baseline -0.005 -16"><span class='ocrx_word' id='word_1_2' title='bbox 302 778 475 844; x_wconf 71' lang='grc' dir='ltr'><em>κελεύσοντα</em></span> <span class='ocrx_word' id='word_1_3' title='bbox 505 786 563 844; x_wconf 89' lang='lat' dir='ltr'><strong>aut</strong></span> <span class='ocrx_word' id='word_1_4' title='bbox 589 777 719 843; x_wconf 80' lang='grc' dir='ltr'><em>κελεύων.</em></span> <span class='ocrx_word' id='word_1_5' title='bbox 750 781 900 844; x_wconf 80' lang='lat' dir='ltr'><strong>Praestat</strong></span> <span class='ocrx_word' id='word_1_6' title='bbox 931 781 991 844; x_wconf 90' lang='lat' dir='ltr'><strong>hoe</strong></span> <span class='ocrx_word' id='word_1_7' title='bbox 1024 779 1095 843; x_wconf 90' lang='lat' dir='ltr'><strong>loco</strong></span> <span class='ocrx_word' id='word_1_8' title='bbox 1119 774 1301 849; x_wconf 70' lang='grc' dir='ltr'><em>κελεύσοντα,</em></span> <span class='ocrx_word' id='word_1_9' title='bbox 1325 775 1413 859; x_wconf 92' lang='lat' dir='ltr'><strong>quod</strong></span> 
     </span>
    </p>
   </div>
   <div class='ocr_carea' id='block_1_3' title="bbox 297 906 920 990">
    <p class='ocr_par' dir='ltr' id='par_1_3' title="bbox 297 906 920 990">
     <span class='ocr_line' id='line_1_3' title="bbox 297 906 920 990; baseline 0.002 -20"><span class='ocrx_word' id='word_1_10' title='bbox 297 910 367 990; x_wconf 87' lang='lat' dir='ltr'><strong>jam</strong></span> <span class='ocrx_word' id='word_1_11' title='bbox 388 927 409 970; x_wconf 93' lang='lat' dir='ltr'><strong>a</strong></span> <span class='ocrx_word' id='word_1_12' title='bbox 433 906 566 971; x_wconf 83' lang='lat' dir='ltr'><strong>Reiskio</strong></span> <span class='ocrx_word' id='word_1_13' title='bbox 587 907 789 990; x_wconf 89' lang='lat' dir='ltr'><strong>propositum</strong></span> <span class='ocrx_word' id='word_1_14' title='bbox 816 907 920 971; x_wconf 77' lang='lat' dir='ltr'><strong>video.</strong></span> 
     </span>
    </p>
   </div>
   <div class='ocr_carea' id='block_1_4' title="bbox 302 1165 1418 2256">
    <p class='ocr_par' dir='ltr' id='par_1_4' title="bbox 302 1165 1418 2256">
     <span class='ocr_line' id='line_1_4' title="bbox 345 1165 1413 1252; baseline -0.001 -22"><span class='ocrx_word' id='word_1_15' title='bbox 345 1168 393 1232; x_wconf 89' lang='lat' dir='ltr'><strong>lb.</strong></span> <span class='ocrx_word' id='word_1_16' title='bbox 416 1169 467 1231; x_wconf 80' lang='lat'><strong>26.</strong></span> <span class='ocrx_word' id='word_1_17' title='bbox 487 1167 554 1239; x_wconf 82' lang='grc' dir='ltr'><em>τοὺς</em></span> <span class='ocrx_word' id='word_1_18' title='bbox 572 1174 730 1248; x_wconf 72' lang='grc' dir='ltr'><em>Μεγαρεῖς.</em></span> <span class='ocrx_word' id='word_1_19' title='bbox 751 1167 988 1252; x_wconf 80' lang='lat' dir='ltr'><strong>Corrigendum</strong></span> <span class='ocrx_word' id='word_1_20' title='bbox 1010 1173 1057 1232; x_wconf 87' lang='lat' dir='ltr'><strong>est</strong></span> <span class='ocrx_word' id='word_1_21' title='bbox 1075 1166 1141 1239; x_wconf 85' lang='grc' dir='ltr'><em>τοὺς</em></span> <span class='ocrx_word' id='word_1_22' title='bbox 1153 1165 1321 1247; x_wconf 79' lang='grc' dir='ltr'><em>Μεγαρέας,</em></span> <span class='ocrx_word' id='word_1_23' title='bbox 1336 1187 1413 1230; x_wconf 92' lang='lat' dir='ltr'><strong>nam</strong></span> 
     </span>
     <span class='ocr_line' id='line_1_5' title="bbox 303 1292 1416 1376; baseline 0 -22"><span class='ocrx_word' id='word_1_24' title='bbox 303 1294 476 1358; x_wconf 89' lang='lat' dir='ltr'><strong>verborum</strong></span> <span class='ocrx_word' id='word_1_25' title='bbox 507 1295 542 1357; x_wconf 94' lang='lat' dir='ltr'><strong>in</strong></span> <span class='ocrx_word' id='word_1_26' title='bbox 575 1292 638 1365; x_wconf 78' lang='grc' dir='ltr'><em>-εύς</em></span> <span class='ocrx_word' id='word_1_27' title='bbox 670 1295 863 1358; x_wconf 82' lang='lat' dir='ltr'>exeuntium</span> <span class='ocrx_word' id='word_1_28' title='bbox 897 1295 1105 1358; x_wconf 87' lang='lat' dir='ltr'><strong>accusativus</strong></span> <span class='ocrx_word' id='word_1_29' title='bbox 1123 1294 1261 1376; x_wconf 89' lang='lat' dir='ltr'><strong>pluralis</strong></span> <span class='ocrx_word' id='word_1_30' title='bbox 1284 1293 1416 1356; x_wconf 77' lang='lat' dir='ltr'><strong>nunteri</strong></span> 
     </span>
     <span class='ocr_line' id='line_1_6' title="bbox 302 1419 1414 1502; baseline -0.003 -18"><span class='ocrx_word' id='word_1_31' title='bbox 302 1420 450 1484; x_wconf 80' lang='lat' dir='ltr'>contrahi</span> <span class='ocrx_word' id='word_1_32' title='bbox 481 1441 546 1484; x_wconf 91' lang='lat' dir='ltr'><strong>non</strong></span> <span class='ocrx_word' id='word_1_33' title='bbox 571 1420 662 1500; x_wconf 87' lang='lat' dir='ltr'><strong>solet,</strong></span> <span class='ocrx_word' id='word_1_34' title='bbox 687 1421 750 1484; x_wconf 94' lang='lat' dir='ltr'><strong>nisi</strong></span> <span class='ocrx_word' id='word_1_35' title='bbox 775 1421 810 1483; x_wconf 90' lang='lat' dir='ltr'><strong>in</strong></span> <span class='ocrx_word' id='word_1_36' title='bbox 835 1420 887 1498; x_wconf 90' lang='lat' dir='ltr'><strong>iis,</strong></span> <span class='ocrx_word' id='word_1_37' title='bbox 906 1421 941 1482; x_wconf 89' lang='lat' dir='ltr'><strong>in</strong></span> <span class='ocrx_word' id='word_1_38' title='bbox 966 1419 1088 1502; x_wconf 91' lang='lat' dir='ltr'><strong>quibus</strong></span> <span class='ocrx_word' id='word_1_39' title='bbox 1112 1420 1235 1483; x_wconf 83' lang='lat' dir='ltr'><strong>vocalis</strong></span> <span class='ocrx_word' id='word_1_40' title='bbox 1258 1420 1414 1482; x_wconf 81' lang='lat' dir='ltr'><strong>ultimam</strong></span> 
     </span>
     <span class='ocr_line' id='line_1_7' title="bbox 303 1545 1417 1629; baseline 0.001 -21"><span class='ocrx_word' id='word_1_41' title='bbox 303 1545 465 1627; x_wconf 81' lang='lat' dir='ltr'>syllabam</span> <span class='ocrx_word' id='word_1_42' title='bbox 490 1547 664 1628; x_wconf 86' lang='lat' dir='ltr'><strong>praecedit,</strong></span> <span class='ocrx_word' id='word_1_43' title='bbox 688 1566 830 1629; x_wconf 90' lang='lat' dir='ltr'><strong>quornm</strong></span> <span class='ocrx_word' id='word_1_44' title='bbox 854 1565 967 1609; x_wconf 90' lang='lat' dir='ltr'><strong>omnes</strong></span> <span class='ocrx_word' id='word_1_45' title='bbox 990 1565 1082 1609; x_wconf 89' lang='lat' dir='ltr'><strong>casus</strong></span> <span class='ocrx_word' id='word_1_46' title='bbox 1106 1545 1247 1608; x_wconf 89' lang='lat' dir='ltr'><strong>formam</strong></span> <span class='ocrx_word' id='word_1_47' title='bbox 1273 1549 1417 1609; x_wconf 89' lang='lat' dir='ltr'><strong>contrac-</strong></span> 
     </span>
     <span class='ocr_line' id='line_1_8' title="bbox 303 1668 1415 1754; baseline -0.001 -20"><span class='ocrx_word' id='word_1_48' title='bbox 303 1676 371 1734; x_wconf 89' lang='lat' dir='ltr'><strong>tam</strong></span> <span class='ocrx_word' id='word_1_49' title='bbox 403 1671 536 1735; x_wconf 89' lang='lat' dir='ltr'><strong>habent.</strong></span> <span class='ocrx_word' id='word_1_50' title='bbox 560 1672 631 1734; x_wconf 88' lang='lat' dir='ltr'><strong>Hac</strong></span> <span class='ocrx_word' id='word_1_51' title='bbox 655 1671 694 1734; x_wconf 93' lang='lat' dir='ltr'><strong>de</strong></span> <span class='ocrx_word' id='word_1_52' title='bbox 718 1691 753 1734; x_wconf 88' lang='lat' dir='ltr'><strong>re</strong></span> <span class='ocrx_word' id='word_1_53' title='bbox 776 1671 921 1754; x_wconf 91' lang='lat' dir='ltr'><strong>disputat</strong></span> <span class='ocrx_word' id='word_1_54' title='bbox 945 1668 1145 1734; x_wconf 90' lang='lat' dir='ltr'><strong>Guilielmus</strong></span> <span class='ocrx_word' id='word_1_55' title='bbox 1168 1671 1359 1734; x_wconf 90' lang='lat' dir='ltr'><strong>Dindorfins</strong></span> <span class='ocrx_word' id='word_1_56' title='bbox 1383 1675 1415 1733; x_wconf 90' lang='lat' dir='ltr'><strong>et</strong></span> 
     </span>
     <span class='ocr_line' id='line_1_9' title="bbox 304 1797 1417 1880; baseline 0.001 -21"><span class='ocrx_word' id='word_1_57' title='bbox 304 1797 427 1861; x_wconf 88' lang='lat' dir='ltr'><strong>nubem</strong></span> <span class='ocrx_word' id='word_1_58' title='bbox 460 1798 685 1880; x_wconf 86' lang='lat' dir='ltr'><strong>exemplorum</strong></span> <span class='ocrx_word' id='word_1_59' title='bbox 719 1797 813 1860; x_wconf 87' lang='lat' dir='ltr'><strong>affert</strong></span> <span class='ocrx_word' id='word_1_60' title='bbox 836 1798 871 1859; x_wconf 95' lang='lat' dir='ltr'><strong>in</strong></span> <span class='ocrx_word' id='word_1_61' title='bbox 893 1797 1098 1879; x_wconf 82' lang='lat' dir='ltr'><strong>praefatione</strong></span> <span class='ocrx_word' id='word_1_62' title='bbox 1122 1797 1163 1860; x_wconf 90' lang='lat' dir='ltr'><strong>ad</strong></span> <span class='ocrx_word' id='word_1_63' title='bbox 1188 1798 1417 1861; x_wconf 84' lang='lat' dir='ltr'><strong>Demosthenis</strong></span> 
     </span>
     <span class='ocr_line' id='line_1_10' title="bbox 304 1921 1418 2004; baseline -0.001 -19"><span class='ocrx_word' id='word_1_64' title='bbox 304 1921 482 1985; x_wconf 86' lang='lat' dir='ltr'><strong>editionem</strong></span> <span class='ocrx_word' id='word_1_65' title='bbox 506 1921 719 2004; x_wconf 88' lang='lat' dir='ltr'><strong>Lipsiensem,</strong></span> <span class='ocrx_word' id='word_1_66' title='bbox 743 1941 817 2003; x_wconf 85' lang='lat' dir='ltr'><strong>pag.</strong></span> <span class='ocrx_word' id='word_1_67' title='bbox 842 1921 999 1984; x_wconf 90' lang='lat' dir='ltr'>XXVIII.</span> <span class='ocrx_word' id='word_1_68' title='bbox 1018 1921 1156 1984; x_wconf 79' lang='lat' dir='ltr'><strong>Rectam</strong></span> <span class='ocrx_word' id='word_1_69' title='bbox 1176 1923 1316 1986; x_wconf 90' lang='lat' dir='ltr'><strong>formam</strong></span> <span class='ocrx_word' id='word_1_70' title='bbox 1328 1922 1418 1986; x_wconf 90' lang='lat' dir='ltr'><strong>dedit</strong></span> 
     </span>
     <span class='ocr_line' id='line_1_11' title="bbox 303 2045 1417 2131; baseline 0.001 -21"><span class='ocrx_word' id='word_1_71' title='bbox 303 2047 450 2110; x_wconf 86' lang='lat' dir='ltr'><strong>Sintenis</strong></span> <span class='ocrx_word' id='word_1_72' title='bbox 481 2065 552 2128; x_wconf 87' lang='lat' dir='ltr'><strong>cap.</strong></span> <span class='ocrx_word' id='word_1_73' title='bbox 578 2047 608 2125; x_wconf 83' lang='lat'><strong>9,</strong></span> <span class='ocrx_word' id='word_1_74' title='bbox 633 2048 674 2108; x_wconf 77' lang='lat'><strong>28</strong></span> <span class='ocrx_word' id='word_1_75' title='bbox 699 2051 730 2109; x_wconf 94' lang='lat' dir='ltr'><strong>et</strong></span> <span class='ocrx_word' id='word_1_76' title='bbox 755 2065 825 2128; x_wconf 89' lang='lat' dir='ltr'><strong>cap.</strong></span> <span class='ocrx_word' id='word_1_77' title='bbox 854 2045 903 2124; x_wconf 87' lang='grc'><strong>10,</strong></span> <span class='ocrx_word' id='word_1_78' title='bbox 932 2047 983 2124; x_wconf 88' lang='lat'><strong>15,</strong></span> <span class='ocrx_word' id='word_1_79' title='bbox 1007 2065 1144 2129; x_wconf 88' lang='lat' dir='ltr'><strong>pravam</strong></span> <span class='ocrx_word' id='word_1_80' title='bbox 1169 2067 1239 2131; x_wconf 91' lang='lat' dir='ltr'><strong>cap.</strong></span> <span class='ocrx_word' id='word_1_81' title='bbox 1263 2049 1293 2125; x_wconf 83' lang='lat'><strong>9,</strong></span> <span class='ocrx_word' id='word_1_82' title='bbox 1321 2049 1362 2110; x_wconf 82' lang='grc'><strong>14</strong></span> <span class='ocrx_word' id='word_1_83' title='bbox 1386 2055 1417 2111; x_wconf 89' lang='lat' dir='ltr'><strong>et</strong></span> 
     </span>
     <span class='ocr_line' id='line_1_12' title="bbox 305 2172 599 2256; baseline 0 -21"><span class='ocrx_word' id='word_1_84' title='bbox 305 2172 356 2250; x_wconf 84' lang='grc'><strong>17,</strong></span> <span class='ocrx_word' id='word_1_85' title='bbox 379 2191 449 2256; x_wconf 89' lang='lat' dir='ltr'><strong>cap.</strong></span> <span class='ocrx_word' id='word_1_86' title='bbox 472 2173 522 2249; x_wconf 90' lang='lat'><strong>10,</strong></span> <span class='ocrx_word' id='word_1_87' title='bbox 549 2174 599 2235; x_wconf 89' lang='lat'><strong>19.</strong></span> 
     </span>
    </p>
   </div>
   <div class='ocr_carea' id='block_1_5' title="bbox 304 2405 1424 4388">
    <p class='ocr_par' dir='ltr' id='par_1_5' title="bbox 304 2405 1424 4388">
     <span class='ocr_line' id='line_1_13' title="bbox 335 2405 1418 2499; baseline 0.002 -18"><span class='ocrx_word' id='word_1_88' title='bbox 335 2405 397 2483; x_wconf 85' lang='lat' dir='ltr'><strong>¹Ib.</strong></span> <span class='ocrx_word' id='word_1_89' title='bbox 430 2420 481 2481; x_wconf 78' lang='lat'><strong>28.</strong></span> <span class='ocrx_word' id='word_1_90' title='bbox 514 2419 550 2490; x_wconf 74' lang='grc' dir='ltr'><strong>ὡς</strong></span> <span class='ocrx_word' id='word_1_91' title='bbox 582 2415 613 2482; x_wconf 74' lang='grc' dir='ltr'><strong>δέ</strong></span> <span class='ocrx_word' id='word_1_92' title='bbox 643 2416 805 2490; x_wconf 78' lang='grc' dir='ltr'><em>πεισθέντες</em></span> <span class='ocrx_word' id='word_1_93' title='bbox 836 2414 860 2481; x_wconf 80' lang='grc' dir='ltr'><strong>οἱ</strong></span> <span class='ocrx_word' id='word_1_94' title='bbox 888 2424 1036 2498; x_wconf 87' lang='grc' dir='ltr'><em>Μεγαρεῖς</em></span> <span class='ocrx_word' id='word_1_95' title='bbox 1065 2417 1171 2498; x_wconf 77' lang='grc' dir='ltr'><em>ἄνδρας</em></span> <span class='ocrx_word' id='word_1_96' title='bbox 1194 2415 1368 2499; x_wconf 73' lang='grc' dir='ltr'><em>ἐξέπεμψαν</em></span> <span class='ocrx_word' id='word_1_97' title='bbox 1390 2421 1418 2484; x_wconf 86' lang='grc' dir='ltr'><strong>ἐν</strong></span> 
     </span>
     <span class='ocr_line' id='line_1_14' title="bbox 304 2541 1419 2622; baseline 0.005 -17"><span class='ocrx_word' id='word_1_98' title='bbox 304 2543 344 2622; x_wconf 76' lang='grc' dir='ltr'><strong>τῷ</strong></span> <span class='ocrx_word' id='word_1_99' title='bbox 376 2542 464 2622; x_wconf 83' lang='grc' dir='ltr'><em>πλοίῳ</em></span> <span class='ocrx_word' id='word_1_100' title='bbox 496 2541 547 2608; x_wconf 76' lang='grc' dir='ltr'><em>καὶ</em></span> <span class='ocrx_word' id='word_1_101' title='bbox 577 2543 713 2607; x_wconf 74' lang='grc' dir='ltr'><em>κατεῖδεν</em></span> <span class='ocrx_word' id='word_1_102' title='bbox 737 2543 749 2607; x_wconf 79' lang='grc' dir='ltr'>ὁ</span> <span class='ocrx_word' id='word_1_103' title='bbox 773 2541 871 2607; x_wconf 77' lang='grc' dir='ltr'><em>Σέλαν</em></span> <span class='ocrx_word' id='word_1_104' title='bbox 894 2545 926 2608; x_wconf 83' lang='grc' dir='ltr'><strong>τὸ</strong></span> <span class='ocrx_word' id='word_1_105' title='bbox 950 2551 1050 2608; x_wconf 91' lang='grc' dir='ltr'><em>πλοῖον</em></span> <span class='ocrx_word' id='word_1_106' title='bbox 1073 2543 1262 2622; x_wconf 82' lang='grc' dir='ltr'><em>ἐλαυνόμενον</em></span> <span class='ocrx_word' id='word_1_107' title='bbox 1284 2546 1343 2610; x_wconf 78' lang='grc' dir='ltr'><em>απὸ</em></span> <span class='ocrx_word' id='word_1_108' title='bbox 1365 2552 1419 2620; x_wconf 74' lang='grc' dir='ltr'><strong>τῆς</strong></span> 
     </span>
     <span class='ocr_line' id='line_1_15' title="bbox 304 2643 1417 2752; baseline 0.003 -21"><span class='ocrx_word' id='word_1_109' title='bbox 304 2667 398 2742; x_wconf 75' lang='grc' dir='ltr'><em>νήσου.</em></span> <span class='ocrx_word' id='word_1_110' title='bbox 426 2669 466 2732; x_wconf 89' lang='lat' dir='ltr'><strong>In</strong></span> <span class='ocrx_word' id='word_1_111' title='bbox 499 2670 549 2732; x_wconf 92' lang='lat' dir='ltr'><strong>his</strong></span> <span class='ocrx_word' id='word_1_112' title='bbox 577 2671 685 2734; x_wconf 91' lang='lat' dir='ltr'><strong>verbis</strong></span> <span class='ocrx_word' id='word_1_113' title='bbox 718 2670 873 2734; x_wconf 89' lang='lat' dir='ltr'><strong>mendum</strong></span> <span class='ocrx_word' id='word_1_114' title='bbox 907 2669 997 2746; x_wconf 89' lang='lat' dir='ltr'><strong>latet,</strong></span> <span class='ocrx_word' id='word_1_115' title='bbox 1023 2643 1057 2732; x_wconf 90' lang='lat' dir='ltr'><strong>ni</strong></span> <span class='ocrx_word' id='word_1_116' title='bbox 1082 2670 1190 2734; x_wconf 87' lang='lat' dir='ltr'><strong>fallor.</strong></span> <span class='ocrx_word' id='word_1_117' title='bbox 1215 2669 1302 2752; x_wconf 74' lang='lat' dir='ltr'><strong>Quid</strong></span> <span class='ocrx_word' id='word_1_118' title='bbox 1328 2674 1417 2736; x_wconf 91' lang='lat' dir='ltr'><strong>enim</strong></span> 
     </span>
     <span class='ocr_line' id='line_1_16' title="bbox 304 2796 1418 2879; baseline 0.003 -20"><span class='ocrx_word' id='word_1_119' title='bbox 304 2797 340 2859; x_wconf 93' lang='lat' dir='ltr'><strong>in</strong></span> <span class='ocrx_word' id='word_1_120' title='bbox 382 2796 532 2878; x_wconf 86' lang='lat' dir='ltr'><strong>proxime</strong></span> <span class='ocrx_word' id='word_1_121' title='bbox 565 2797 837 2879; x_wconf 82' lang='lat' dir='ltr'><strong>praecedentibus</strong></span> <span class='ocrx_word' id='word_1_122' title='bbox 872 2796 1023 2858; x_wconf 86' lang='lat' dir='ltr'><strong>narravit</strong></span> <span class='ocrx_word' id='word_1_123' title='bbox 1056 2796 1273 2861; x_wconf 82' lang='lat' dir='ltr'><strong>Plutarchus?</strong></span> <span class='ocrx_word' id='word_1_124' title='bbox 1307 2796 1418 2879; x_wconf 78' lang='lat' dir='ltr'><strong>Quum</strong></span> 
     </span>
     <span class='ocr_line' id='line_1_17' title="bbox 304 2919 1419 3006; baseline 0.002 -21"><span class='ocrx_word' id='word_1_125' title='bbox 304 2923 401 2987; x_wconf 88' lang='lat' dir='ltr'><strong>Solon</strong></span> <span class='ocrx_word' id='word_1_126' title='bbox 436 2923 471 2985; x_wconf 94' lang='lat' dir='ltr'><strong>in</strong></span> <span class='ocrx_word' id='word_1_127' title='bbox 508 2923 734 3006; x_wconf 89' lang='lat' dir='ltr'><strong>promontorio</strong></span> <span class='ocrx_word' id='word_1_128' title='bbox 767 2919 901 2985; x_wconf 79' lang='lat' dir='ltr'><strong>Coliade</strong></span> <span class='ocrx_word' id='word_1_129' title='bbox 934 2922 1088 2985; x_wconf 90' lang='lat' dir='ltr'><strong>mulieres</strong></span> <span class='ocrx_word' id='word_1_130' title='bbox 1119 2923 1304 2987; x_wconf 88' lang='lat' dir='ltr'><strong>offendisset</strong></span> <span class='ocrx_word' id='word_1_131' title='bbox 1327 2945 1419 2988; x_wconf 89' lang='lat' dir='ltr'><strong>sacra</strong></span> 
     </span>
     <span class='ocr_line' id='line_1_18' title="bbox 304 3046 1417 3131; baseline 0.003 -21"><span class='ocrx_word' id='word_1_132' title='bbox 304 3046 413 3112; x_wconf 81' lang='lat' dir='ltr'><strong>Cereri</strong></span> <span class='ocrx_word' id='word_1_133' title='bbox 445 3049 608 3125; x_wconf 85' lang='lat' dir='ltr'><strong>facientes,</strong></span> <span class='ocrx_word' id='word_1_134' title='bbox 643 3047 809 3111; x_wconf 88' lang='lat' dir='ltr'><strong>hominem</strong></span> <span class='ocrx_word' id='word_1_135' title='bbox 847 3047 959 3125; x_wconf 88' lang='lat' dir='ltr'><strong>fidum,</strong></span> <span class='ocrx_word' id='word_1_136' title='bbox 983 3047 1040 3128; x_wconf 94' lang='lat' dir='ltr'><strong>qui</strong></span> <span class='ocrx_word' id='word_1_137' title='bbox 1066 3067 1099 3110; x_wconf 85' lang='lat' dir='ltr'><strong>se</strong></span> <span class='ocrx_word' id='word_1_138' title='bbox 1123 3049 1324 3131; x_wconf 75' lang='lat' dir='ltr'><strong>transfugam</strong></span> <span class='ocrx_word' id='word_1_139' title='bbox 1351 3069 1417 3114; x_wconf 92' lang='lat' dir='ltr'><strong>esse</strong></span> 
     </span>
     <span class='ocr_line' id='line_1_19' title="bbox 304 3173 1421 3256; baseline -0.001 -18"><span class='ocrx_word' id='word_1_140' title='bbox 304 3175 485 3251; x_wconf 90' lang='lat' dir='ltr'><strong>simularet,</strong></span> <span class='ocrx_word' id='word_1_141' title='bbox 529 3174 733 3238; x_wconf 88' lang='lat' dir='ltr'><strong>Salaminem</strong></span> <span class='ocrx_word' id='word_1_142' title='bbox 781 3173 882 3251; x_wconf 88' lang='lat' dir='ltr'><strong>misit,</strong></span> <span class='ocrx_word' id='word_1_143' title='bbox 925 3174 1143 3251; x_wconf 85' lang='lat' dir='ltr'><strong>muniturum,</strong></span> <span class='ocrx_word' id='word_1_144' title='bbox 1182 3174 1208 3235; x_wconf 90' lang='lat' dir='ltr'><strong>si</strong></span> <span class='ocrx_word' id='word_1_145' title='bbox 1245 3175 1421 3256; x_wconf 87' lang='lat' dir='ltr'><strong>primarias</strong></span> 
     </span>
     <span class='ocr_line' id='line_1_20' title="bbox 306 3298 1416 3382; baseline 0.001 -20"><span class='ocrx_word' id='word_1_146' title='bbox 306 3300 559 3364; x_wconf 83' lang='lat' dir='ltr'><strong>Atheniensium</strong></span> <span class='ocrx_word' id='word_1_147' title='bbox 582 3298 737 3362; x_wconf 89' lang='lat' dir='ltr'><strong>mulieres</strong></span> <span class='ocrx_word' id='word_1_148' title='bbox 756 3299 1030 3380; x_wconf 90' lang='lat' dir='ltr'><strong>comprehendere</strong></span> <span class='ocrx_word' id='word_1_149' title='bbox 1045 3298 1179 3376; x_wconf 84' lang='lat' dir='ltr'><strong>vellent,</strong></span> <span class='ocrx_word' id='word_1_150' title='bbox 1192 3318 1302 3362; x_wconf 89' lang='lat' dir='ltr'><strong>secum</strong></span> <span class='ocrx_word' id='word_1_151' title='bbox 1315 3319 1416 3382; x_wconf 89' lang='lat' dir='ltr'><strong>quam</strong></span> 
     </span>
     <span class='ocr_line' id='line_1_21' title="bbox 305 3420 1421 3507; baseline 0.002 -19"><span class='ocrx_word' id='word_1_152' title='bbox 305 3425 476 3488; x_wconf 89' lang='lat' dir='ltr'><strong>celerrime</strong></span> <span class='ocrx_word' id='word_1_153' title='bbox 504 3425 545 3488; x_wconf 91' lang='lat' dir='ltr'><strong>ad</strong></span> <span class='ocrx_word' id='word_1_154' title='bbox 575 3422 838 3507; x_wconf 87' lang='lat' dir='ltr'><strong>promontorium</strong></span> <span class='ocrx_word' id='word_1_155' title='bbox 871 3420 1040 3486; x_wconf 82' lang='lat' dir='ltr'><strong>Ooliadem</strong></span> <span class='ocrx_word' id='word_1_156' title='bbox 1065 3424 1269 3506; x_wconf 88' lang='lat' dir='ltr'><strong>navigarent.</strong></span> <span class='ocrx_word' id='word_1_157' title='bbox 1295 3426 1421 3491; x_wconf 90' lang='lat' dir='ltr'><strong>Deinde</strong></span> 
     </span>
     <span class='ocr_line' id='line_1_22' title="bbox 305 3544 1422 3630; baseline 0.002 -20"><span class='ocrx_word' id='word_1_158' title='bbox 305 3549 469 3630; x_wconf 88' lang='lat' dir='ltr'><strong>sequitur:</strong></span> <span class='ocrx_word' id='word_1_159' title='bbox 495 3549 531 3620; x_wconf 80' lang='grc' dir='ltr'><strong>ὠς</strong></span> <span class='ocrx_word' id='word_1_160' title='bbox 556 3547 587 3612; x_wconf 74' lang='grc' dir='ltr'><strong>δὲ</strong></span> <span class='ocrx_word' id='word_1_161' title='bbox 610 3546 771 3620; x_wconf 75' lang='grc' dir='ltr'><em>πεισθέντες</em></span> <span class='ocrx_word' id='word_1_162' title='bbox 795 3547 819 3612; x_wconf 80' lang='grc' dir='ltr'><strong>οἱ</strong></span> <span class='ocrx_word' id='word_1_163' title='bbox 838 3553 989 3628; x_wconf 87' lang='grc' dir='ltr'><em>Μεγαρεῖς</em></span> <span class='ocrx_word' id='word_1_164' title='bbox 1010 3544 1116 3627; x_wconf 72' lang='grc' dir='ltr'><em>ἄνδρας</em></span> <span class='ocrx_word' id='word_1_165' title='bbox 1136 3544 1312 3628; x_wconf 76' lang='grc' dir='ltr'><em>ἐξέπεμψαν</em></span> <span class='ocrx_word' id='word_1_166' title='bbox 1331 3549 1422 3629; x_wconf 79' lang='grc' dir='ltr'><em>ἐντῷ</em></span> 
     </span>
     <span class='ocr_line' id='line_1_23' title="bbox 307 3673 1422 3758; baseline 0.003 -22"><span class='ocrx_word' id='word_1_167' title='bbox 307 3673 405 3753; x_wconf 76' lang='grc' dir='ltr'><em>πλοίῳ.</em></span> <span class='ocrx_word' id='word_1_168' title='bbox 438 3675 533 3757; x_wconf 90' lang='lat' dir='ltr'><strong>quasi</strong></span> <span class='ocrx_word' id='word_1_169' title='bbox 559 3677 627 3758; x_wconf 90' lang='lat' dir='ltr'><strong>jam</strong></span> <span class='ocrx_word' id='word_1_170' title='bbox 660 3676 754 3738; x_wconf 89' lang='lat' dir='ltr'><strong>navis</strong></span> <span class='ocrx_word' id='word_1_171' title='bbox 778 3675 1022 3757; x_wconf 85' lang='lat' dir='ltr'><strong>Megarensium</strong></span> <span class='ocrx_word' id='word_1_172' title='bbox 1048 3682 1307 3739; x_wconf 89' lang='lat' dir='ltr'><strong>commemorata</strong></span> <span class='ocrx_word' id='word_1_173' title='bbox 1331 3682 1422 3740; x_wconf 89' lang='lat' dir='ltr'><strong>esset.</strong></span> 
     </span>
     <span class='ocr_line' id='line_1_24' title="bbox 307 3799 1424 3882; baseline 0.003 -20"><span class='ocrx_word' id='word_1_174' title='bbox 307 3799 393 3862; x_wconf 88' lang='lat' dir='ltr'><strong>Nam</strong></span> <span class='ocrx_word' id='word_1_175' title='bbox 419 3801 458 3862; x_wconf 92' lang='lat' dir='ltr'><strong>de</strong></span> <span class='ocrx_word' id='word_1_176' title='bbox 482 3800 610 3864; x_wconf 90' lang='lat' dir='ltr'><strong>Solonis</strong></span> <span class='ocrx_word' id='word_1_177' title='bbox 635 3802 724 3877; x_wconf 84' lang='lat' dir='ltr'><strong>navi,</strong></span> <span class='ocrx_word' id='word_1_178' title='bbox 750 3800 789 3864; x_wconf 91' lang='lat' dir='ltr'><strong>de</strong></span> <span class='ocrx_word' id='word_1_179' title='bbox 812 3819 894 3882; x_wconf 91' lang='lat' dir='ltr'><strong>qua</strong></span> <span class='ocrx_word' id='word_1_180' title='bbox 915 3800 985 3863; x_wconf 91' lang='lat' dir='ltr'><strong>sola</strong></span> <span class='ocrx_word' id='word_1_181' title='bbox 1006 3801 1065 3864; x_wconf 91' lang='lat' dir='ltr'><strong>hoc</strong></span> <span class='ocrx_word' id='word_1_182' title='bbox 1079 3801 1324 3882; x_wconf 89' lang='lat' dir='ltr'><strong>eapitementio</strong></span> <span class='ocrx_word' id='word_1_183' title='bbox 1338 3803 1424 3865; x_wconf 87' lang='lat' dir='ltr'><strong>facta</strong></span> 
     </span>
     <span class='ocr_line' id='line_1_25' title="bbox 310 3927 1423 4012; baseline 0.003 -23"><span class='ocrx_word' id='word_1_184' title='bbox 310 3932 368 4003; x_wconf 89' lang='lat' dir='ltr'><strong>est,</strong></span> <span class='ocrx_word' id='word_1_185' title='bbox 396 3927 539 4008; x_wconf 88' lang='lat' dir='ltr'><strong>cogitare</strong></span> <span class='ocrx_word' id='word_1_186' title='bbox 563 3927 741 3990; x_wconf 91' lang='lat' dir='ltr'><strong>absurdum</strong></span> <span class='ocrx_word' id='word_1_187' title='bbox 767 3932 831 3989; x_wconf 88' lang='lat' dir='ltr'><strong>est:</strong></span> <span class='ocrx_word' id='word_1_188' title='bbox 856 3927 930 4008; x_wconf 90' lang='lat' dir='ltr'><strong>quis</strong></span> <span class='ocrx_word' id='word_1_189' title='bbox 953 3927 1041 3990; x_wconf 89' lang='lat' dir='ltr'><strong>enim</strong></span> <span class='ocrx_word' id='word_1_190' title='bbox 1067 3944 1154 4005; x_wconf 91' lang='lat' dir='ltr'><strong>enm,</strong></span> <span class='ocrx_word' id='word_1_191' title='bbox 1178 3930 1236 4010; x_wconf 90' lang='lat' dir='ltr'><strong>qui</strong></span> <span class='ocrx_word' id='word_1_192' title='bbox 1259 3928 1301 3991; x_wconf 90' lang='lat' dir='ltr'><strong>ad</strong></span> <span class='ocrx_word' id='word_1_193' title='bbox 1318 3931 1423 4012; x_wconf 83' lang='lat' dir='ltr'><strong>Mega·</strong></span> 
     </span>
     <span class='ocr_line' id='line_1_26' title="bbox 308 4051 1424 4135; baseline 0.002 -20"><span class='ocrx_word' id='word_1_194' title='bbox 308 4072 417 4117; x_wconf 88' lang='lat' dir='ltr'><strong>renses</strong></span> <span class='ocrx_word' id='word_1_195' title='bbox 449 4053 673 4135; x_wconf 84' lang='lat' dir='ltr'><strong>transfugerit,</strong></span> <span class='ocrx_word' id='word_1_196' title='bbox 704 4053 846 4134; x_wconf 89' lang='lat' dir='ltr'><strong>ipsorum</strong></span> <span class='ocrx_word' id='word_1_197' title='bbox 874 4051 1126 4115; x_wconf 86' lang='lat' dir='ltr'><strong>Atheniensium</strong></span> <span class='ocrx_word' id='word_1_198' title='bbox 1158 4055 1237 4116; x_wconf 91' lang='lat' dir='ltr'><strong>navi</strong></span> <span class='ocrx_word' id='word_1_199' title='bbox 1259 4056 1301 4117; x_wconf 91' lang='lat' dir='ltr'><strong>ad</strong></span> <span class='ocrx_word' id='word_1_200' title='bbox 1324 4056 1424 4117; x_wconf 90' lang='lat' dir='ltr'><strong>simu-</strong></span> 
     </span>
     <span class='ocr_line' id='line_1_27' title="bbox 309 4176 1423 4262; baseline 0.001 -21"><span class='ocrx_word' id='word_1_201' title='bbox 309 4179 408 4242; x_wconf 90' lang='lat' dir='ltr'><strong>latam</strong></span> <span class='ocrx_word' id='word_1_202' title='bbox 433 4177 544 4260; x_wconf 86' lang='lat' dir='ltr'><strong>fugam</strong></span> <span class='ocrx_word' id='word_1_203' title='bbox 571 4198 664 4241; x_wconf 80' lang='lat' dir='ltr'><strong>nsrrm</strong></span> <span class='ocrx_word' id='word_1_204' title='bbox 686 4197 753 4241; x_wconf 91' lang='lat' dir='ltr'><strong>esse</strong></span> <span class='ocrx_word' id='word_1_205' title='bbox 773 4179 858 4241; x_wconf 86' lang='lat' dir='ltr'><strong>serio</strong></span> <span class='ocrx_word' id='word_1_206' title='bbox 879 4176 1068 4259; x_wconf 84' lang='lat' dir='ltr'><strong>putaverit?</strong></span> <span class='ocrx_word' id='word_1_207' title='bbox 1086 4179 1303 4243; x_wconf 88' lang='lat' dir='ltr'><strong>Statuendum</strong></span> <span class='ocrx_word' id='word_1_208' title='bbox 1316 4182 1423 4262; x_wconf 91' lang='lat' dir='ltr'><strong>potins</strong></span> 
     </span>
     <span class='ocr_line' id='line_1_28' title="bbox 308 4287 1424 4388; baseline 0.003 -20"><span class='ocrx_word' id='word_1_209' title='bbox 308 4305 370 4368; x_wconf 86' lang='lat' dir='ltr'><strong>erit</strong></span> <span class='ocrx_word' id='word_1_210' title='bbox 393 4325 469 4368; x_wconf 89' lang='lat' dir='ltr'><strong>enm</strong></span> <span class='ocrx_word' id='word_1_211' title='bbox 495 4304 531 4366; x_wconf 91' lang='lat' dir='ltr'><strong>in</strong></span> <span class='ocrx_word' id='word_1_212' title='bbox 554 4305 675 4387; x_wconf 89' lang='lat' dir='ltr'><strong>scapha</strong></span> <span class='ocrx_word' id='word_1_213' title='bbox 698 4310 757 4368; x_wconf 90' lang='lat' dir='ltr'><strong>aot</strong></span> <span class='ocrx_word' id='word_1_214' title='bbox 775 4304 883 4368; x_wconf 91' lang='lat' dir='ltr'><strong>lembo</strong></span> <span class='ocrx_word' id='word_1_215' title='bbox 905 4287 1108 4368; x_wconf 86' lang='lat' dir='ltr'><strong>Salaminam</strong></span> <span class='ocrx_word' id='word_1_216' title='bbox 1130 4307 1310 4371; x_wconf 90' lang='lat' dir='ltr'><strong>advenisse.</strong></span> <span class='ocrx_word' id='word_1_217' title='bbox 1329 4305 1424 4388; x_wconf 76' lang='lat' dir='ltr'><strong>Quod</strong></span> 
     </span>
    </p>
   </div>
   <div class='ocr_carea' id='block_1_6' title="bbox 0 0 1697 5228">
    <p class='ocr_par' dir='ltr' id='par_1_6' title="bbox 0 0 1697 5228">
     <span class='ocr_line' id='line_1_29' title="bbox 0 0 1697 5228; baseline 0 0"><span class='ocrx_word' id='word_1_218' title='bbox 0 0 1697 5228; x_wconf 95' lang='lat' dir='ltr'><strong> </strong></span> 
     </span>
    </p>
   </div>
  </div>
 </body>
</html>
