3360 5228
789 548 830 609 33

261 752 347 815 diem
374 772 394 814 a
413 753 635 834 judicibus
660 753 710 817 rel
735 754 770 816 in
787 753 954 836 judicio
976 757 1205 837 praestitutam
1224 759 1372 822 debitum

262 895 328 939 uon
353 876 495 940 solvunt.
520 877 677 942 Attamen
704 897 743 942 ex
766 884 876 942 nostro
901 879 972 943 loco
997 887 1132 964 apparet
1155 884 1292 947 omnino
1311 885 1375 947 dici
1399 873 1400 876 ¹

262 1000 301 1062 de
335 1000 490 1079 debitore,
522 1004 580 1084 qui
614 1001 763 1066 creditori
789 1005 830 1067 ad
855 1005 940 1068 die-m
964 1007 1193 1088 praestitutam
1218 1011 1374 1074 solvendo

218 1143 219 1146 ¹
262 1145 329 1189 non
365 1131 421 1204 est,
455 1127 549 1190 nulla
577 1128 615 1191 de
642 1129 766 1210 judicio
797 1130 883 1193 iacta
914 1133 1096 1209 mentionc;
1126 1136 1164 1198 cl.
1189 1135 1283 1198 Dcrn.
1307 1136 1375 1216 πρὸς

262 1247 450 1330 Ἀπατούριον
472 1271 546 1334 pag.
571 1253 644 1330 894,
670 1253 687 1313 6
712 1251 761 1317 aa}
784 1253 807 1316 ol
830 1260 960 1334 χρῆττοοο
980 1256 1158 1337 κατήπειγον
1177 1260 1264 1323 αὐτὸν
1282 1261 1374 1324 οὶποοι-

260 1375 375 1446 ποῦντες
397 1371 450 1438 aa>
474 1374 642 1453 ε’νεβοὶτενον
665 1376 705 1448 εἷς
727 1378 781 1450 τὴν
803 1382 882 1450 νοοῦν,
906 1379 1060 1463 εἰληφότες
1082 1390 1118 1463 τῇ
1142 1382 1324 1467 ὑπερημερίᾳ.

305 1619 385 1710 (lap.
421 1625 514 1706 XIV,
547 1627 577 1690 6.
610 1624 721 1698 Φονίοις
750 1625 764 1689 ὁ
794 1626 931 1705 Λέσβιος.
963 1629 1052 1694 Idem
1086 1631 1224 1713 scriptor
1255 1632 1374 1698 ultimo

260 1753 366 1835 capite
390 1753 478 1814 vitae
501 1749 631 1815 Solonis
655 1752 810 1816 laudatur
834 1754 959 1836 adjecto
975 1755 1113 1818 nomine
1134 1757 1225 1820 urbIs
1243 1757 1375 1836 natalis,

261 1875 372 1947 Φονίος
384 1875 397 1938 ὁ
409 1873 543 1956 Ἐρέσιος,
557 1883 655 1941 natus
671 1877 772 1954 Erasi,
786 1879 822 1940 in
836 1878 954 1961 oppido
967 1879 1096 1944 insulae
1108 1881 1214 1947 Lesbi.
1228 1882 1330 1945 Suida
1343 1888 1375 1946 ct

263 2001 423 2065 Strabone
443 2001 548 2084 (XIII,
560 2021 592 2084 p.
608 2003 682 2084 618)
701 2003 892 2066 auctoribus
910 2008 980 2067 erat
992 2004 1171 2087 discipulus
1184 2005 1373 2071 Aristotelis

262 2132 295 2190 et
318 2127 534 2209 Theophrasti
558 2129 701 2192 amicus:
727 2129 812 2191 vixit
834 2130 935 2212 igitur
958 2128 1140 2194 Alexandri
1161 2132 1273 2216 Magni
1294 2139 1374 2196 tem·

262 2252 407 2335 poribus.
432 2253 611 2317 Multorum
637 2256 705 2336 ejus
728 2254 890 2318 librorum
913 2256 1003 2318 tituli
1023 2258 1375 2343 apuddiversosscrip·

264 2383 358 2456 tores,
382 2369 573 2461 praesertim
599 2380 686 2462 apud
705 2379 926 2459 Athenaeum,
950 2389 1184 2462 memorantur,
1203 2386 1376 2468 exquibus

263 2502 418 2586 colligere
449 2505 526 2568 licet
557 2524 630 2568 curn
655 2506 863 2587 potissimum
891 2507 1061 2570 historiam
1087 2514 1251 2575 tractasse.
1275 2511 1374 2576 Athe·

264 2649 365 2694 naeus
390 2630 481 2709 VIII,
504 2651 535 2713 p.
549 2631 611 2693 333
635 2651 664 2709 a,
690 2633 794 2715 operis
817 2653 838 2696 a
860 2634 989 2696 Phania
1012 2597 1193 2718 compohiti,
1218 2637 1271 2700 cui
1295 2639 1372 2702 titu-

263 2757 316 2820 lus
335 2762 418 2820 esset
438 2753 502 2837 περὶ
522 2753 685 2837 προποὶνεων
703 2757 845 2838 Ἐρεσίων,
867 2760 945 2823 lacit
964 2762 1178 2826 ment-ionem.
1191 2762 1376 2826 Boeckhius

261 2884 297 2946 in
323 2882 360 2948 C.
383 2884 408 2946 I.
432 2884 476 2949 11.
498 2903 530 2966 p.
555 2885 616 2947 305
641 2885 796 2968 opinatur
820 2886 855 2948 in
880 2887 940 2951 hoc
964 2884 1048 2950 libro
1068 2888 1247 2951 secundum
1268 2894 1377 2971 pryta-

262 3027 341 3072 num
363 3007 552 3074 Eresiorum
576 3011 692 3074 seriem
718 3031 768 3075 res
794 3012 938 3074 maxime
962 3012 1191 3076 memorabiles
1209 3013 1244 3076 in
1265 3011 1376 3078 Attica

259 3140 364 3216 gestas
388 3134 564 3217 descrIptas
588 3137 686 3199 luisse
705 3135 826 3198 additis
845 3137 1043 3200 archontum
1064 3136 1250 3202 Atticorum
1271 3140 1376 3202 norni-

261 3259 367 3338 nibus,
391 3264 491 3342 atque
513 3261 590 3324 inde
610 3261 738 3325 fluxisse
757 3279 844 3343 quae
864 3262 1061 3325 Plutarchus
1074 3263 1235 3325 Phaniam
1250 3264 1374 3327 fontem

262 3383 402 3450 laudans
426 3387 553 3451 referat.
575 3386 670 3450 Hanc
689 3387 845 3450 Boeckhii
866 3387 1064 3450 sententiam
1082 3389 1259 3472 impugnat
1270 3388 1376 3453 Muel-

263 3511 351 3575 lerus
373 3513 468 3595 lrgm.
494 3513 569 3576 hist.
593 3511 708 3576 Graec.
731 3512 764 3575 ΙΙ
784 3531 815 3594 p.
835 3513 898 3574 294
918 3513 1029 3576 dicens
1050 3513 1189 3578 minime
1201 3515 1374 3597 probabile

263 3657 330 3702 csse
348 3657 551 3721 quemquam
568 3638 785 3720 Theophrasti
806 3642 914 3702 aetate
935 3638 1190 3704 Atheniensium
1206 3641 1375 3704 historiam

262 3763 442 3828 secundnm
474 3763 591 3827 seriam
622 3767 801 3845 prytanum
826 3763 1014 3828 Eresiorum
1040 3765 1213 3828 adornasse
1236 3766 1377 3848 indeque

262 3886 339 3952 libri
362 3889 492 3972 petiisse
515 3890 783 3972 inscriptionem
812 3909 913 3972 quare
938 3890 1017 3952 haec
1040 3891 1105 3954 duo
1129 3889 1274 3954 Phaniae
1292 3891 1377 3974 frag·

263 4020 386 4095 menta,
420 4035 564 4098 quorum
594 4016 746 4079 notitiam
779 4015 956 4079 Plutarcho
988 4015 1155 4092 debemus,
1185 4017 1376 4098 deprompta

263 4159 331 4204 csse
354 4146 463 4204 censet
489 4160 531 4203 ex
553 4158 649 4222 opere
673 4139 837 4217 historico,
862 4141 953 4221 cujus
977 4139 1112 4202 titulum
1138 4159 1226 4202 nnnc
1249 4141 1375 4222 ignore-

263 4283 348 4327 mus.
369 4263 463 4346 Quae
483 4264 708 4329 controversia
724 4264 1112 4346 quamquanrdijudicari
1126 4264 1250 4345 nequit,
1265 4271 1376 4326 tamen

1232 4384 1246 4424 a
