3360 5228
803 567 842 629 19

263 778 419 860 praedam
443 782 684 860 cognoscerent,
711 778 804 841 obvii
827 777 868 840 ad
888 782 1023 859 portum
1048 777 1238 860 procedunt,
1258 777 1382 859 quihus

266 902 368 966 caesis
390 903 579 966 Pisistratus
603 903 741 985 paulum
769 920 788 965 a
811 902 972 985 capienda
993 901 1074 965 nrbc
1093 900 1230 965 abluit.''
1248 902 1383 965 Prorsus
1429 955 1433 961 .

267 1029 381 1092 eodem
411 1029 508 1092 modo
532 1029 587 1092 scd
612 1029 744 1092 brevius
767 1032 899 1092 tantum
925 1033 1038 1091 narrat
1061 1028 1241 1092 Frontinus
1264 1028 1310 1090 l.l.
1335 1025 1382 1092 Cf.

267 1155 366 1220 etiam
393 1153 466 1218 Ael.
491 1154 570 1216 Var.
594 1154 679 1216 Hist.
704 1153 778 1232 Vll,
806 1155 857 1216 19.
882 1153 982 1217 Vides
1005 1154 1108 1236 igitur
1132 1155 1190 1217 hos
1210 1153 1384 1236 scriptores

266 1301 304 1345 co
339 1301 359 1343 a
394 1279 571 1343 Plutarcho
606 1279 749 1356 differre,
779 1279 868 1361 quod
899 1279 1022 1356 dolum,
1054 1298 1154 1361 quem
1187 1278 1241 1341 hic
1272 1278 1384 1342 Soloni

266 1407 393 1484 tribuit,
417 1405 605 1468 adhibitum
631 1423 698 1468 esse
719 1424 738 1466 a
758 1404 929 1468 Pisistrato
950 1405 984 1467 in
1003 1404 1216 1486 expeditione,
1230 1405 1282 1468 cni
1296 1404 1385 1468 solus

265 1535 441 1613 praeesset„
465 1530 679 1595 contendunt.
704 1512 786 1594 Inde
809 1530 903 1612 sequi
930 1530 1060 1593 videtur
1082 1534 1154 1612 post
1177 1529 1307 1598 Solonis
1332 1549 1385 1593 ex·

265 1656 466 1738 peditionem
492 1677 605 1721 rursus
626 1656 749 1721 bellum
772 1662 922 1721 exortum
944 1676 1021 1734 esse,
1043 1657 1082 1719 ad
1102 1657 1383 1740 qncdgerendnm

267 1782 455 1886 Pisistratus
487 1783 554 1845 dux
585 1785 783 1847 constitutus
806 1784 859 1847 sit.
884 1781 977 1864 Quae
1001 1785 1192 1866 conjectura
1216 1781 1386 1846 stabilitur

267 1913 300 1970 et
323 1907 495 1971 Plutarchi
518 1909 621 1990 ipsius
645 1911 756 1972 verbis
779 1910 815 1972 in
840 1929 910 1993 cap.
936 1912 995 1972 22:
1015 1907 1140 1979 ταύταις
1158 1907 1190 1971 δὲ
1209 1914 1278 1980 ταῖς
1290 1931 1382 1989 ταρα-

266 2038 342 2110 χαις
362 2029 414 2094 καὶ
433 2029 592 2113 Μεγαρέων
611 2031 835 2111 συνεπιθεμένων
853 2032 1007 2111 ἀπέβαλόν
1019 2058 1052 2097 τε
1064 2032 1192 2098 Νίσαιαν
1204 2033 1228 2097 αἱ
1239 2033 1386 2107 Ἀθηναῖοι

267 2155 319 2222 καὶ
341 2164 517 2235 Σαλαμῖνος
539 2155 673 2232 ἐξέπεσον
695 2152 784 2232 αὖθις,
810 2181 849 2224 ex
874 2160 1043 2224 Salamine
1067 2160 1196 2242 expulsi
1218 2164 1295 2223 sunt
1315 2160 1386 2224 ite·

267 2305 376 2362 rum,
401 2285 423 2348 i.
448 2305 476 2350 a.
502 2291 678 2368 postquam
701 2285 800 2349 Solon
823 2283 948 2368 aliquot
966 2287 1063 2349 annis
1083 2291 1160 2350 ante
1179 2285 1325 2349 insulam
1344 2286 1387 2348 iis

268 2411 470 2488 restituerat,
502 2415 535 2474 ct
558 2410 630 2474 loco
654 2431 695 2474 ex
719 2411 883 2475 Herodoto
907 2411 934 2489 I,
959 2412 1017 2474 59:
1041 2411 1170 2492 πρότερον
1193 2411 1388 2488 εὐδοκιμήσας

269 2534 324 2617 (so.
353 2533 367 2598 ὁ
398 2534 624 2621 Πεισίστρατος)
657 2535 686 2598 ἕν
714 2543 751 2616 τῇ
775 2534 843 2617 πρὸς
867 2533 1027 2616 Μεγαρέας
1050 2533 1191 2616 γενομένρ
1215 2534 1386 2617 ττρατνγίρ,

268 2658 396 2725 Νίσαιαν
418 2684 452 2724 τε
476 2660 546 2724 ἑλὼν
570 2659 621 2724 καὶ
645 2658 726 2724 ἄλλα
746 2657 966 2739 απιδεξιίραενος
985 2659 1111 2739 μεγαλα
1122 2658 1194 2742 ἔργα
1207 2658 1240 2743 ¹).
1253 2662 1384 2725 Plutar-

268 2789 349 2852 chus
371 2789 475 2878 igitur
497 2789 589 2865 duas,
615 2807 718 2850 rrnam
743 2788 883 2865 Solonis,
903 2789 1041 2852 alteram
1061 2789 1238 2865 Pisistrati,
1258 2788 1388 2870 expedi-

268 2915 374 2978 tiones
396 2934 464 2977 non
488 2914 571 2978 bene
594 2911 779 2976 distinxisse
806 2910 945 2990 videtur,
969 2933 1070 2996 qnam
1095 2913 1137 2977 ob
1157 2931 1287 2976 cansam
1310 2912 1388 2976 fides

269 3040 299 3103 ei
324 3039 438 3104 haberi
463 3058 529 3104 non
554 3043 668 3122 potest,
692 3038 747 3103 sed
770 3039 956 3103 audiendus
979 3044 1026 3103 est
1047 3039 1207 3115 lustinus,
1226 3039 1284 3120 qni
1306 3036 1387 3101 duas

269 3165 413 3229 diversas
434 3165 662 3249 expeditiones
686 3165 784 3228 luisse
807 3164 934 3227 statuit.

312 3352 392 3435 Gap.
422 3353 514 3431 VIII,
547 3354 579 3414 9.
609 3354 839 3432 παρακινητικῶς
863 3346 942 3428 ἔχειν
966 3347 1062 3412 αὐτόν.
1091 3348 1187 3430 Apud
1213 3348 1387 3412 Reishium

271 3478 350 3540 haec
378 3477 480 3542 verba
511 3477 624 3541 minus
654 3481 807 3540 accurate
838 3493 933 3538 versa
957 3492 1024 3537 esse
1048 3471 1162 3536 video:
1188 3491 1286 3552 „esse
1309 3491 1385 3536 enm

270 3603 379 3666 furore
402 3602 623 3684 correptum,”
645 3621 748 3684 quum
775 3601 972 3683 significent,
997 3601 1069 3677 „ad
1093 3599 1238 3664 furorem
1259 3619 1283 3662 s.
1304 3599 1390 3662 insa·

271 3729 361 3789 niam
386 3727 583 3792 inclinare.’'
602 3727 770 3790 Adverbia
789 3726 879 3788 enirn
901 3726 937 3786 in
955 3727 1020 3795 ικῶς
1033 3725 1187 3788 exeuntia
1200 3744 1274 3788 cum
1290 3725 1389 3788 verbo

241 3896 245 3906 1
269 3848 348 3931 ἔχειν
371 3855 548 3935 conjuncta
572 3851 659 3933 apud
682 3849 861 3913 Graeculos
881 3850 968 3913 idem
990 3850 1288 3931 significant‚qucd
1301 3847 1387 3930 apud

305 4053 324 4116 ¹)
345 4049 438 4102 Errare
460 4049 542 4117 igitur
564 4047 687 4101 existimo
711 4045 796 4098 Baehr
820 4043 853 4098 ad
872 4045 941 4097 huuc
956 4045 1086 4098 Herodoti
1103 4044 1188 4098 locum
1207 4044 1245 4096 sic
1263 4045 1390 4096 annotan-

271 4141 339 4192 tem:
366 4139 508 4200 „Pertinet
533 4138 581 4192 hoc
606 4137 736 4206 imprimis
754 4135 786 4190 ad
805 4134 996 4204 expeditionem
1014 4135 1046 4189 de
1063 4139 1236 4204 recuperanda
1253 4133 1391 4196 salamine,

272 4247 349 4299 qnam
372 4229 537 4299 Megarenses
555 4229 690 4292 tenebant,
707 4231 863 4296 susceptam,
881 4228 908 4279 in
926 4243 978 4294 qua
994 4229 1098 4294 praeter
1115 4226 1235 4281 Solonem
1255 4225 1393 4279 Pisistrati

271 4322 353 4375 ctiam
369 4321 401 4374 fit
419 4321 518 4374 inentia
538 4320 604 4388 apud
623 4320 756 4374 Plutarch.
777 4321 831 4374 Vit.
851 4320 938 4374 Solon.
958 4335 1012 4388 cap.
1029 4317 1069 4372 82³
