3360 5228
709 605 854 696 ’17

289 812 469 891 historiam,
492 833 568 876 eum
595 818 654 876 urit
672 831 712 876 ex
731 813 809 895 ipsis
829 811 1016 875 Aristotelis
1036 811 1196 888 Potitio-is,
1209 829 1294 893 quae
1307 800 1405 893 saepe

287 938 447 1020 inspicere
479 937 613 1014 solebat,
643 942 703 1000 urit
726 957 767 1000 ex
790 937 855 1000 olio
878 937 1021 1020 quodam
1046 938 1212 1020 scriptore,
1236 937 1294 1020 qui
1318 935 1406 998 Aris·

289 1063 423 1126 totelem
450 1064 670 1146 excerpsisset‚
697 1063 841 1126 hausisse
865 1069 954 1144 puto.

333 1308 411 1393 (lep.
435 1309 495 1388 ΙΙΙ,
520 1311 549 1374 8.

420 1434 523 1501 πολλοὶ
546 1434 603 1516 γὰρ
628 1438 785 1499 πλουτεῦσι
808 1417 900 1507 καιροὶ,
925 1432 1033 1512 ἁγαθοὶ
1057 1433 1088 1498 δὲ
1111 1432 1254 1498 πένονται·

463 1561 534 1628 ἀλλ’
559 1560 646 1638 ἡμεῖς
670 1561 766 1632 αὐτοῖς
791 1561 821 1624 οὑ
844 1559 1061 1638 διαμειψόμεθα

419 1693 472 1760 πῆς
494 1687 599 1768 αρετῆς
621 1687 669 1751 σὸν
692 1690 829 1769 πλοῦπον·
853 1684 916 1750 ε’πεὶ
939 1686 1050 1765 τὸμὲν
1074 1684 1199 1763 ἔμπεδόν
1222 1665 1303 1757 ε’στι,Ι

462 1814 612 1895 χρήματα
636 1814 661 1878 δ’
685 1813 837 1893 ἀνθρώπων
861 1811 969 1877 ἄλλοτε
991 1812 1082 1885 ἄλλος
1108 1810 1180 1891 ἔχει.

330 1942 374 2004 Hi
399 1961 511 2006 versus
533 1961 554 2004 o
578 1939 718 2005 Stobueo
745 1940 844 2021 (Flor.
865 1940 890 2017 I,
914 1941 965 2023 16)
987 1940 1173 2022 Theognidi
1194 1941 1406 2002 ascribuntur

287 2074 319 2132 et
354 2069 388 2130 in
426 2068 626 2150 Theognidis
657 2066 858 2130 editionibus
889 2067 1099 2148 reperiuntur
1129 2069 1171 2148 (v.
1206 2043 1405 2148 :tls-318).

287 2193 347 2257 Sed
372 2194 483 2258 Solcni
508 2213 560 2258 ecs
584 2193 799 2256 vindicandos
823 2212 890 2256 esse
907 2193 984 2256 inde
1004 2193 1215 2256 oronitestum
1238 2197 1296 2268 est,
1317 2192 1406 2272 quod
1461 2211 1465 2222 ·

288 2319 389 2382 ctiam
428 2319 534 2382 tribus
568 2318 643 2380 aliis
673 2317 754 2380 loeis
785 2337 805 2379 a
836 2316 1014 2380 Plutarcho
1048 2317 1161 2380 Soloni
1192 2317 1402 2379 tribuunturz

287 2464 342 2506 vv.
365 2445 394 2521 2,
420 2444 449 2519 3,
475 2445 494 2504 4
518 2442 673 2525 leguntur
696 2443 784 2525 apud
807 2442 895 2505 Plut.
919 2411 958 2506 de
982 2443 1111 2525 protect.
1131 2443 1166 2504 in
1189 2443 1263 2504 virt.
1285 2463 1312 2506 c.
1334 2443 1351 2504 6
1374 2447 1408 2504 ct

286 2568 325 2632 de
351 2574 457 2650 tranq.
481 2568 588 2632 enimi
612 2587 638 2630 o.
666 2568 716 2645 13,
742 2588 773 2631 v.
800 2570 818 2628 2
844 2573 877 2631 et
902 2569 989 2650 prior
1012 2588 1085 2650 pers
1111 2589 1142 2631 v.
1168 2569 1186 2628 3
1212 2569 1340 2650 decep.
1363 2587 1404 2630 ex
1442 2603 1446 2613 ·

285 2696 380 2758 inim.
406 2695 479 2758 util.
503 2715 530 2757 c.
560 2695 609 2756 ll.
632 2695 737 2757 Possit
760 2693 882 2776 uliquis
903 2694 1022 2758 offendi
1044 2694 1206 2757 vocabulo
1222 2691 1259 2755 πο
1280 2695 1315 2754 in
1329 2713 1360 2755 r.
1374 2694 1411 2770 35

285 2821 373 2902 quod
392 2820 433 2882 ed
453 2819 556 2900 αρετῆς
574 2799 780 2883 referentium
795 2825 852 2897 est,
865 2821 920 2883 sed
933 2822 970 2883 ol.
985 2821 1084 2884 Hom.
1098 2817 1158 2883 Od.
1173 2822 1202 2892 9,
1217 2820 1401 2895 358-360,

286 2946 341 3009 ubi
367 2947 415 3008 ito
438 2946 577 3030 legitur:

397 3079 448 3145 καὶ
472 3079 529 3161 γαρ
553 3082 744 3145 Κυκλώπεσσι
766 3081 846 3163 Φέρει
869 3081 1002 3162 ζείδωρος
1025 3081 1127 3163 ἄρουρα

397 3200 491 3273 οἶνον
515 3205 798 3287 ἐριστάφυλον,
824 3206 876 3271 κου’
896 3213 967 3288 σφιν
992 3208 1060 3280 Διὸς
1084 3207 1194 3289 ὄμβρος
1217 3206 1305 3284 οέέξει·
1365 3241 1368 3252 ·

395 3332 479 3396 etthei
501 3332 572 3398 πόδ’
596 3332 761 3414 ἀμβροσίης
783 3331 834 3397 καὶ
858 3331 992 3414 νέκταρός
1015 3335 1091 3398 ε’σπιν
1114 3331 1252 3416 ninstidi.

330 3578 379 3644 Ib.
406 3581 445 3641 13
465 3578 577 3660 παίζων
598 3581 635 3648 ὥς
654 3578 725 3645 ἔοικε
744 3581 991 3663 προσχρήσασθαι.
1012 3585 1123 3648 Lectio
1137 3583 1296 3648 Codicum
1310 3585 1403 3650 nullo

288 3705 383 3768 modo
407 3704 483 3769 ferri
508 3712 622 3790 potest,
648 3709 728 3790 quin
752 3709 889 3772 verbum
913 3709 1054 3784 linitum,
1076 3710 1163 3791 quod
1182 3718 1311 3788 vocent,
1326 3711 1405 3776 desi-

286 3829 429 3891 deretur.
455 3829 601 3896 Sintenis
624 3833 672 3894 ita
695 3833 854 3896 mendum
879 3833 994 3897 tollere
1017 3840 1151 3898 conotus
1174 3841 1230 3912 cst,
1255 3843 1293 3899 ut
1313 3837 1406 3899 Reis-

287 3953 380 4033 lrium
417 3938 547 4020 secutus
583 3976 640 4039 pro
677 3957 713 4022 cic
745 3958 901 4022 scriberet
933 3980 1003 4029 ποις,
1035 3961 1090 4022 sed
1123 3962 1204 4022 mihi
1236 3963 1344 4043 potius
1368 3963 1405 4033 ὡς

256 4083 258 4089 “
283 4079 460 4174 delendum
496 4082 637 4159 videtur,
661 4083 749 4165 quod
773 4077 953 4165 praeeunte
975 4084 1138 4166 Stephano
1163 4086 1300 4150 videon
1323 4086 1406 4150 Bek-

286 4204 365 4268 kero
390 4205 513 4270 factum
540 4225 617 4269 esse.
643 4207 750 4270 Possis
771 4177 930 4290 conjicere
950 4216 984 4270 Ω
1001 4215 1023 4272 c
1038 4229 1078 4272 ex
1098 4209 1314 4275 similitudine
1328 4212 1405 4274 ulti-

291 4349 421 4392 murum
441 4331 595 4426 vocabuli
609 4333 832 4415 praecedentis
845 4334 1015 4397 literarum
1031 4336 1148 4399 vitiose
1161 4337 1310 4400 additum
1324 4357 1403 4401 esse.
1424 4382 1428 4392 ·
