3360 5228
385 1767 744 1835 OBSERVATIONES
768 1771 815 1834 IN
839 1769 1093 1836 PLUTARCHI
1117 1771 1258 1836 VITAM

724 1894 912 1962 SOLONIS.

304 2421 383 2506 Gap.
407 2423 432 2502 I,
458 2420 529 2508 21).

303 2549 372 2630 πρὸς
395 2546 631 2622 Ἀσκληπιάδην.

304 2675 520 2760 Asclepiades,
549 2675 706 2740 adversus
728 2696 826 2759 quem
853 2677 1017 2759 Didymus
1040 2679 1316 2742 commentarium
1339 2680 1379 2744 de

260 2803 383 2866 tabulis
414 2803 541 2867 Solonis
570 2803 709 2886 scripsit,
734 2803 822 2867 idem
848 2804 943 2867 luisse
968 2805 1100 2868 videtur
1123 2810 1223 2888 atque
1246 2805 1378 2879 Ἀσκλη-

259 2925 366 3001 πιάδης
395 2927 408 2990 ὁ
433 2925 610 3008 Μυρλεανός,
634 2948 732 3011 quem
757 2929 875 2993 Strabo
900 2935 929 3007 3,
953 2949 1027 3013 pag.
1053 2931 1115 2994 157
1141 2935 1245 2994 artem
1271 2951 1378 3014 gram-

260 3057 418 3120 maticam
454 3057 490 3118 in
524 3055 722 3119 Turditania
752 3055 899 3120 docuisse
931 3056 1041 3121 tradit.
1072 3058 1223 3120 Eundem
1252 3058 1379 3120 Rornae

259 3203 390 3266 quoque
425 3187 529 3247 artem
564 3182 744 3265 professum
779 3201 846 3246 esse
880 3183 1029 3265 Pompeji
1064 3187 1172 3247 aetate
1206 3183 1295 3245 testis
1329 3187 1378 3246 est

261 3311 387 3390 suidas,
419 3295 512 3393 eujus
543 3309 644 3386 verba
676 3315 785 3373 tamen
819 3306 906 3371 haud
935 3308 1033 3372 dubie
1065 3309 1186 3372 vitium
1210 3314 1379 3403 contraxe-

227 3423 228 3426 ¹
259 3443 475 3519 1·unt,quum
500 3435 659 3500 continuo
683 3438 840 3517 sequatur
864 3453 939 3497 auur
964 3430 1013 3496 ἐπὶ
1038 3436 1087 3496 τοῦ
1108 3431 1247 3514 τετάρτου
1265 3441 1377 3497 Πτολε-

261 3560 350 3638 μαίου
380 3561 622 3624 adolescentem
657 3557 875 3622 Alexandriae
906 3564 1073 3621 versatum
1100 3577 1177 3622 esse.
1202 3559 1379 3641 Repugnat

260 3687 344 3750 ratio
376 3685 550 3768 temporis:
581 3689 719 3766 quartus
747 3684 837 3748 enim
868 3683 1087 3760 Ptolemaeus,
1119 3683 1172 3746 cui
1196 3701 1378 3765 cognomen

261 3808 433 3892 Φιλοπάτωρ
464 3817 544 3889 erat,
575 3811 684 3874 seculo
716 3831 746 3875 a.
779 3807 856 3874 Chr.
885 3831 917 3872 n.
944 3810 1040 3874 tertio
1065 3814 1207 3874 exeunte
1230 3815 1378 3874 mortuus

260 3943 317 4000 est.
342 3935 479 4001 Necesse
502 3937 604 4020 igitur
627 3941 676 4000 est
698 3936 803 3998 alium
824 3955 1001 3999 numerum
1021 3936 1270 4013 substituamus,
1290 3937 1378 4018 quod

258 4082 327 4128 non
355 4063 424 4126 sine
448 4082 546 4125 causa
571 4062 677 4126 facere
700 4081 883 4145 possumus,
908 4061 988 4143 quia
1011 4060 1202 4144 saepissime
1227 4079 1268 4124 ex
1292 4060 1378 4122 notis

260 4232 407 4240 ...—

293 4327 310 4386 1)
328 4322 439 4376 Secutus
449 4337 506 4374 sum
516 4319 659 4374 aditionem
670 4317 757 4374 Caroli
768 4309 892 4381 sirianis,
902 4333 967 4386 quae
977 4317 1076 4385 prodiit
1085 4317 1195 4384 lipsiae,
1207 4316 1378 4370 1839-1846.

1234 4406 1246 4446 ι
