3360 5228
802 555 842 616 13

264 745 353 836 dixer
383 761 566 844 ἄνθρωποι
589 761 796 844 Φολοίννοοοιν.
822 764 993 827 Sententia
1017 765 1080 829 loci
1105 766 1282 830 articulum
1308 786 1381 849 pos-

265 891 359 968 tulat,
387 890 613 972 reponendum
641 890 747 972 igitur
777 885 923 968 ίίνίρωοιοι,
949 889 988 953 οί.
1011 908 1097 971 quae
1121 890 1160 952 de
1185 891 1267 952 crasi
1295 891 1382 972 apud

266 1016 479 1079 Plutarchum
513 1015 664 1097 neglecta
694 1014 809 1077 attulit
831 1013 871 1077 V.
896 1011 945 1078 Ol.
970 1012 1122 1090 Cobetus,
1147 1015 1270 1078 Mnem.
1297 1013 1382 1079 Nov.

266 1143 333 1205 Ser.
364 1141 439 1206 Vol.
472 1141 529 1219 VI,
559 1161 589 1224 p.
623 1141 696 1202 133.
720 1139 882 1222 Exempla
907 1139 1064 1222 leguntur
1086 1158 1155 1222 cap.
1182 1142 1234 1218 22,
1260 1141 1299 1202 20
1325 1136 1383 1203 ὅθεν

264 1263 388 1338 irascor
411 1263 474 1346 ἔχει
497 1265 538 1328 τοί
560 1264 719 1354 ἐπιτήδειοι,
745 1270 777 1330 et
801 1284 871 1347 cap.
896 1265 948 1342 28,
974 1266 1014 1326 22
1038 1263 1139 1336 ἐκεῖνος
1162 1263 1175 1326 ὁ
1199 1264 1277 1344 ἀνήρ.

310 1517 359 1580 lb.
392 1517 443 1579 23.
468 1512 510 1588 ὅτι
533 1512 651 1591 λέγουσι
670 1512 725 1591 μὲν
747 1513 771 1577 οἱ
794 1512 880 1594 σοφοὶ
904 1513 973 1593 παρ’
998 1510 1136 1587 Ἕλλησι,
1162 1513 1280 1595 κρίνουσι
1305 1514 1336 1578 δὲ
1362 1515 1385 1579 οί

265 1640 401 1717 ἀμαθεῖς.
435 1640 535 1716 Haec,
569 1647 604 1703 ut
635 1659 675 1704 ex
706 1640 975 1722 praecedentibus
998 1645 1099 1721 patet,
1124 1640 1165 1702 ad
1188 1641 1380 1704 concionem

265 1767 435 1830 referenda
471 1771 559 1828 sunt.
596 1765 713 1828 Simile
747 1764 979 1827 Anacharsidis
1013 1764 1136 1828 dictum
1174 1764 1329 1828 laudatur
1364 1784 1384 1827 a

254 1894 359 1975 mog.
384 1893 492 1955 Ladrt.
515 1891 540 1969 I,
567 1893 646 1954 103:
673 1888 832 1970 θαυμάζειν
852 1889 878 1953 δ’
901 1886 970 1971 ἔφη,
991 1893 1052 1961 πῶς
1071 1888 1226 1971 νιοιροίνοῖς
1239 1887 1384 1964 Ἕλλησιν

265 2017 455 2098 οίγοννίζοντοιι
484 2017 538 2096 μὲν
568 2017 592 2112 oi
621 2025 770 2097 νεχνῖτοιι,
802 2016 921 2097 κρίνουσι
952 2017 978 2080 δ’
1011 2017 1034 2080 οἱ
1061 2015 1104 2094 μίν
1132 2024 1275 2096 οεχνῑοοοι,
1298 2037 1384 2102 quae

266 2147 367 2210 verba
401 2145 440 2210 de
471 2146 639 2229 judicibus
672 2147 707 2208 in
744 2146 982 2210 certaminibus
1018 2146 1150 2228 tragicis
1183 2147 1383 2228 comicisque

164 2305 167 2312 v
264 2273 480 2355 intelligenda
502 2292 571 2336 esse
593 2272 759 2336 videntur.
784 2268 1031 2354 Comparaudus
1055 2277 1102 2336 est
1131 2271 1301 2350 Aelianus,
1326 2273 1383 2355 qui

267 2418 319 2462 eos
349 2398 537 2481 imperitiae
561 2402 619 2476 aut
643 2397 746 2460 animi
771 2398 898 2461 venalis
922 2399 1040 2480 arguit,
1066 2398 1115 2460 his
1142 2398 1267 2462 verbis:
1294 2398 1385 2479 (Ver.

266 2521 352 2588 Hist.
375 2525 419 2602 II,
451 2526 481 2608 8)
505 2529 618 2600 γελοῖον
642 2522 673 2586 δὲ
697 2521 836 2589 Ξενοκλὲοι
860 2521 914 2599 μὲν
940 2525 1029 2595 νικοῖν,
1053 2521 1212 2602 Εὐριπίδην
1238 2521 1268 2584 δὲ
1293 2521 1386 2594 irrei-

267 2649 341 2722 οίοοι,
372 2646 423 2712 aa}
453 2653 554 2712 νοιῦνοι
585 2647 720 2720 τοιούτοις
749 2646 890 2728 apoteca·
920 2651 975 2711 τῶν
997 2645 1047 2711 δύο
1070 2647 1161 2711 τοίνυν
1184 2647 1216 2710 τὸ
1240 2645 1341 2728 ἕτερον,
1367 2644 1383 2720 ἢ

267 2772 378 2849 οὶνίννοι
402 2768 477 2848 sicar
502 2770 525 2838 οἱ
552 2781 605 2848 τῆς
628 2775 732 2856 ψήφοιν
756 2773 839 2854 κύριοι
862 2772 914 2837 rel
938 2773 1065 2851 οίμνιίεῖς
1089 2772 1138 2837 rx}
1162 2772 1250 2854 νιίῤῥοι
1272 2772 1386 2853 κρίσεως

266 2901 344 2982 ὀρθῆς
367 2897 383 2974 ἢ
408 2897 616 2974 ε’δεκοίοίνοοον.

214 3167 217 3172 ’
312 3140 392 3222 Cap.
415 3141 471 3220 VI,
497 3141 526 3202 5.
552 3137 714 3216 Πνίομὲνον
737 3136 768 3203 δὲ
790 3143 841 3203 τοῦ
865 3144 993 3211 Σίλωνος
1012 3139 1035 3202 εί
1054 3137 1088 3212 δή
1110 3163 1138 3202 rr
1158 3139 1253 3203 κοιινὸν
1269 3138 1385 3210 ’ἕνοοιῖς

268 3264 413 3340 Ἀθήνας.
445 3266 600 3330 Reiskius
632 3265 727 3349 legit:
751 3266 774 3329 ον’
797 3263 846 3345 ίδν
872 3289 899 3329 τι
922 3290 948 3329 κ.
963 3289 991 3329 r.
1005 3278 1034 3330 a
1058 3274 1157 3349 etque
1182 3268 1260 3330 haec
1285 3285 1386 3328 aunc-

269 3399 332 3457 tat:
359 3395 434 3471 „sic
458 3393 533 3456 dedi
557 3394 596 3457 de
622 3413 705 3471 mec,
728 3413 786 3476 pro
812 3394 947 3476 vulgari·
965 3393 988 3456 εἰ
1012 3391 1045 3466 δι’
1072 3392 1131 3465 νι,”
1156 3394 1283 3458 nullom
1308 3394 1382 3456 affe·

268 3540 343 3585 rens
367 3539 510 3598 causam,
535 3539 595 3582 cur
618 3520 792 3584 lectionem
818 3519 988 3600 vulgatam
1013 3519 1200 3582 mutaverit.
1221 3517 1382 3600 Equidem

212 3693 213 3698 κ
269 3648 454 3730 intelligere
477 3667 543 3710 non
569 3665 712 3728 possum,
736 3641 817 3729 quid
836 3664 911 3707 eurn
935 3644 1086 3721 moverit,
1108 3649 1144 3706 ut
1163 3644 1269 3706 locum
1283 3644 1384 3705 sanis-

268 3775 391 3836 simum
423 3775 655 3854 corrumperet,
687 3770 877 3852 praesertim
903 3789 1005 3852 quum
1033 3767 1215 3831 versionem
1242 3766 1383 3830 latinam

268 3900 425 3963 intectam
453 3897 642 3980 reliquerit:
666 3899 872 3978 „quaerente
894 3895 1025 3972 Solone,
1047 3914 1127 3956 num
1149 3892 1381 3976 quidAthenis

269 4024 380 4089 novi.”
404 4023 498 4086 Nihil
519 4024 660 4087 lectione
683 4023 819 4104 vulgata
844 4021 997 4083 usitatius
1017 4024 1074 4096 est,
1094 4019 1121 4081 si
1138 4020 1214 4101 quis
1227 4039 1267 4082 ex
1279 4018 1383 4080 altero

269 4151 465 4215 adveniente
500 4169 656 4232 quaerere
692 4149 765 4211 vult
795 4168 877 4210 num
906 4147 985 4229 quid
1016 4147 1058 4209 sit
1090 4145 1185 4222 novi;
1219 4145 1259 4209 cl.
1285 4144 1382 4226 Suph.

269 4275 348 4342 Ood.
378 4274 449 4341 001.
481 4277 559 4340 722:
590 4273 621 4339 τί
643 4275 669 4338 δ’
693 4271 779 4347 ἔστιν,
805 4267 826 4336 ὦ
849 4278 917 4345 νοοῖ,
941 4269 1053 4352 κινοίη
1077 4290 1163 4354 quae
1187 4275 1265 4333 sunt
1287 4271 1388 4334 verba
