3360 5228
837 559 877 620 46

299 766 524 848 φνλοβωσικέιις
554 769 629 851 (quo
662 774 771 831 tamen
806 770 916 831 minus
948 769 1080 847 inclino,
1105 773 1185 853 quio
1208 768 1412 836 Plutarchus

302 899 372 957 turn
398 895 468 976 ipso
493 895 592 957 verbo
616 891 830 972 Φυκοβιισικεῑς
855 895 903 956 uti
924 893 1104 977 debuerat),
1127 895 1185 975 qui
1209 896 1410 977 Ephetarum

302 1021 344 1083 ad
365 1020 568 1100 Prytaneum
593 1020 756 1083 consessui
775 1025 968 1102 praeessent,
995 1019 1090 1100 (Poll.
1116 1019 1206 1098 VIII,
1229 1022 1290 1083 120
1312 1021 1345 1085 τὸ
1362 1021 1412 1085 ἐπὶ

302 1143 472 1225 Πρυτάνείον
495 1141 604 1223 δικάζει
626 1142 689 1224 περὶ
711 1148 767 1207 τῶν
789 1143 1029 1218 ἀποκτεινάντων,
1049 1143 1104 1210 κάν
1124 1140 1188 1209 ὦσιν
1208 1147 1346 1228 ἀφκνεῖς,
1360 1145 1411 1210 rori

300 1269 365 1352 περὶ
384 1274 440 1334 τῶν
458 1268 587 1350 ἀψύχων
605 1273 660 1332 τῶν
677 1269 861 1346 ἐμπεσόντων
873 1267 923 1333 aa>
936 1270 1177 1334 ἀποκτεινάντων·
1189 1271 1411 1352 προειστήκεσαν

302 1395 333 1461 δὲ
354 1394 454 1461 τούτου
477 1399 528 1460 τοῦ
551 1393 729 1475 δικαστηρίου
751 1394 986 1481 φυκοβιισικεῖς)
1013 1416 1055 1459 un
1077 1397 1256 1460 seeundum
1277 1399 1411 1462 arohon·

302 1530 379 1604 tem,
415 1525 469 1587 oui
503 1542 624 1587 nomen
659 1518 801 1598 βοισικεύς
832 1527 924 1585 esset.
955 1521 1119 1584 Posterius
1150 1523 1177 1584 si
1208 1541 1324 1586 verum
1353 1528 1410 1600 est,

301 1650 461 1733 singulari
495 1667 633 1712 numero
670 1647 783 1710 nralirn
819 1646 926 1728 legere
957 1645 1010 1708 ὑπὸ
1038 1649 1089 1709 τοῦ
1120 1644 1275 1722 βιισιιιὲως.
1309 1647 1409 1712 Porro

300 1781 478 1858 praeeunte
501 1773 678 1836 Sintenisio
701 1793 759 1857 pro
783 1768 893 1852 ἔφυγον
916 1772 1145 1853 imperfectum
1170 1768 1294 1853 ἔφευγον
1318 1773 1410 1836 resti-

303 1901 462 1965 tuendum
485 1899 626 1963 arbitror
648 1898 698 1979 (of.
723 1918 754 1980 p.
771 1899 810 1960 It
830 1903 861 1960 et
882 1895 951 1978 35);
973 1893 1309 1980 torrorsignifioaret:
1322 1898 1410 1980 „qui

301 2029 343 2090 ob
373 2045 508 2108 regnum
541 2025 728 2087 affectatum
754 2023 949 2085 inexilium
977 2023 1067 2085 missi
1091 2027 1178 2100 sunt,
1202 2043 1304 2106 quum
1331 2024 1410 2088 haer·

299 2151 354 2214 Iex
382 2148 591 2233 promulgata
621 2146 700 2226 est,’'
729 2166 833 2230 quum
858 2147 1031 2212 manifesto
1054 2146 1118 2212 loei
1142 2149 1306 2212 sententia
1329 2149 1409 2212 haee

301 2277 417 2341 debeat
439 2295 522 2339 esse:
546 2273 633 2356 „qui
656 2273 691 2335 in
717 2273 816 2336 exilio
840 2271 966 2336 erant.'’

343 2540 391 2603 Ib.
416 2540 467 2601 21.
490 2541 590 2601 τοῦτον
613 2535 648 2608 aa
671 2532 761 2600 πάλιν
783 2535 821 2607 ὥς
844 2535 896 2615 πρὸ
916 2541 969 2608 τῆς
988 2532 1117 2607 Σόλωνος
1134 2534 1231 2614 ἀρχῆς
1250 2532 1301 2599 xor}
1323 2557 1407 2612 νομο-

300 2661 394 2735 θεσίοις
424 2659 476 2734 τὴν
503 2657 535 2735 ἐξ
557 2658 665 2742 Ἀρείου
687 2657 785 2738 πάγον
807 2657 917 2737 βουλὴν
941 2652 1027 2723 οὖσάν
1050 2658 1231 2723 ἐνδείκνυται.
1256 2662 1306 2724 De
1328 2660 1407 2724 diffi-

299 2787 426 2852 cillima
448 2787 487 2852 de
509 2792 625 2850 senatu
649 2786 880 2868 Areopagitica
903 2787 1097 2868 quaestione
1117 2787 1176 2850 hoe
1195 2786 1296 2850 statui
1317 2807 1408 2870 posse

300 2916 431 2978 videtur
460 2933 538 2977 eum
568 2912 624 2975 diu
653 2917 730 2975 ante
754 2912 908 2976 Solonem
932 2913 1030 2977 fuisse
1053 2911 1151 2995 inque
1175 2932 1251 2976 eum
1276 2932 1406 2992 ornnes,

298 3041 356 3123 qui
379 3044 501 3103 eeteros
522 3037 696 3101 nobilitate
720 3037 903 3119 opibusque
926 3043 1126 3120 superarent,
1151 3038 1263 3102 asoisoi
1285 3038 1407 3116 solitos,

300 3167 454 3231 Solonem
474 3185 554 3257 ¹voro
573 3165 753 3226 instItuisse
778 3169 813 3226 ut
833 3165 966 3246 posthae
985 3165 1010 3226 ii
1032 3169 1172 3241 tantum,
1193 3165 1251 3248 qui
1273 3165 1409 3228 areton-

302 3297 372 3355 tum
404 3289 504 3354 offioio
532 3290 637 3352 funeti
661 3293 777 3365 essent,
802 3289 837 3350 in
863 3309 937 3352 eurn
961 3288 1193 3370 allegerentur.
1218 3286 1311 3368 Quae
1334 3308 1408 3352 eon-

296 3419 424 3500 jeotura
457 3415 671 3479 eonfirrnatur
702 3414 891 3477 testimonio
922 3412 1108 3496 gravissimi
1131 3414 1283 3489 auctoris,
1308 3413 1407 3476 Arist.

299 3542 397 3606 Polit.
429 3540 467 3619 ΙΙ,
500 3545 529 3617 9,
563 3542 581 3602 2
605 3531 674 3602 εἶναι
697 3537 753 3618 γάρ
777 3538 829 3610 τὴν
853 3536 908 3614 μὲν
929 3537 958 3600 ἕν
981 3535 1080 3617 Ἀρείῳ
1104 3535 1193 3618 πάγῳ
1216 3536 1324 3614 βουλὴν
1348 3538 1408 3600 άλι-

299 3666 451 3762 supprior,
471 3665 503 3730 τὸ
521 3664 552 3729 δὲ
570 3664 625 3736 τάς
643 3663 742 3745 ἀρχάς
761 3664 876 3744 οιὶρετάς
894 3663 1132 3750 ἀριστοκρατικὸν,
1145 3663 1185 3727 τά
1196 3664 1227 3729 δὲ
1239 3663 1408 3744 δικαστήριον

299 3789 463 3869 δημοτικόν·
486 3787 556 3854 ἔοικε
577 3769 608 3854 ἀὲ
630 3788 728 3854 Σόλων
746 3790 842 3853 ἐκεῖνον
861 3789 915 3867 μὲν
933 3775 1105 3869 ὑπάρχοντα
1126 3787 1255 3871 πρότερον
1267 3791 1298 3854 οὐ
1311 3812 1407 3854 κοιτω-

299 3920 398 3989 λῒισωι,
421 3915 474 3990 τήν
495 3939 529 3979 τε
550 3914 658 3993 βουλὴν
680 3913 732 3980 rori
755 3913 808 3986 τίιν
829 3917 885 3978 τῶν
907 3914 1007 3995 ἀρχῶν
1032 3911 1145 3996 αἵρεσιν.

344 4164 390 4230 lb.
420 4165 471 4229 29.
501 4166 600 4228 τοῦτον
630 4162 685 4241 μὲν
708 4156 753 4227 οὗν
775 4160 826 4226 κω)
849 4163 936 4236 atris
959 4160 1113 4227 ἐπισκόπει.
1140 4163 1294 4228 Annotat
1317 4165 1409 4228 Reis-

301 4291 393 4354 kius:
416 4291 562 4369 „malim
583 4291 682 4354 τωῦτοι
703 4287 758 4367 μὲν
780 4281 826 4353 οὖν
848 4285 969 4360 ἕκαστος
991 4289 1078 4361 αὐτὸς
1100 4288 1301 4363 ἐπισκοπείτω,
1329 4291 1409 4354 haee
