3360 5228
811 573 956 647 39Ι

320 783 368 846 lb.
396 783 425 847 6.
449 779 587 860 συγχέας
610 779 786 846 παντάπασι
805 779 857 846 καὶ
877 777 1009 862 ταράξας
1027 781 1080 855 τὴν
1099 781 1182 846 πάλιν
1194 781 1390 863 άσάειὲσπερις

277 906 397 985 γένηται
427 911 477 972 τοῦ
507 913 695 980 καταστῆσαι
725 905 825 972 πάλιν.
854 908 892 970 Ιι]
917 906 968 970 his
992 909 1100 971 verbis
1125 928 1239 971 versus
1262 907 1390 972 Solonis

279 1035 443 1098 trochaico
476 1042 579 1100 metro
611 1035 806 1116 compositos
834 1033 1025 1097 delitescere
1056 1032 1237 1096 rectissime
1258 1034 1385 1115 primus

279 1161 465 1224 observavit
488 1160 514 1224 I.
538 1160 716 1238 Bekkerus,
739 1160 826 1242 quod
846 1163 917 1222 tum
939 1159 1150 1221 menifestum
1173 1159 1245 1235 erit,
1264 1159 1292 1220 si
1312 1177 1387 1222 cunr

278 1285 449 1349 Schaefero
473 1286 607 1368 legeris:
654 1310 662 1321 *

373 1493 375 1496 .
452 1433 589 1514 συγχέας
611 1433 807 1500 άπαιπάπασι
830 1431 882 1498 καὶ
906 1429 1038 1514 ταράξας
1061 1430 1113 1504 πάι
1137 1430 1220 1496 πάλιν

337 1607 341 1612 -
450 1560 648 1648 άσάειὲσπερις
672 1559 791 1639 γένηται
815 1563 866 1624 ποῦ
889 1565 1077 1632 καταστῆσαι
1100 1557 1199 1622 πάλιν.
1246 1629 1248 1634 ,

276 1713 394 1795 Sponte
425 1717 561 1794 apparet
593 1712 745 1782 Solonem
779 1712 887 1794 prima
909 1730 1047 1794 persone
1070 1711 1234 1793 scripsisse
1259 1707 1391 1787 γένωμαι

276 1838 328 1901 vel
352 1834 498 1914 γενοίμαν.
521 1838 659 1902 Prorsus
681 1837 794 1900 eodem
819 1837 915 1900 inodo
935 1835 1135 1900 Plutarchus
1154 1837 1188 1898 in
1213 1834 1391 1918 hoccepite

276 1962 405 2045 scripsit
439 1962 536 2025 tertie
570 1981 710 2043 persone
743 1957 818 2041 άραις
848 1961 955 2034 durius,
986 1982 1089 2045 quum
1122 1962 1221 2026 Solon
1254 1962 1391 2026 dedisset

276 2085 399 2158 άιεῖλιι,
422 2086 461 2149 ef.
486 2085 557 2149 Ael.
582 2085 715 2149 Aristid.
742 2088 760 2148 2
784 2105 815 2168 p.
841 2087 915 2151 397.

322 2321 372 2386 Ib.
398 2323 427 2383 9.
448 2317 469 2385 ά
488 2320 519 2385 δὲ
539 2319 591 2384 καὶ
611 2319 704 2398 λέγων
724 2319 830 2402 ἤλπιζε
846 2320 1018 2400 πειθομένοις
1030 2321 1080 2386 καὶ
1092 2319 1246 2399 προσάγων
1259 2318 1392 2398 άιάγιιιιι

277 2445 449 2524 ὑπομένουσι
478 2445 653 2526 χρήσασθαι.
680 2445 790 2509 Verba
813 2444 929 2525 ἐλπίζω,
954 2447 1074 2518 άπειλῶ,
1100 2445 1312 2524 ὑπισχνοῦμαι,
1337 2442 1391 2522 ὄμ-

278 2595 346 2649 ιιιαι
381 2572 511 2654 aliaque
542 2571 576 2634 id
605 2590 709 2655 genus
739 2575 853 2652 suapte
885 2577 1006 2634 ustura
1030 2574 1180 2635 futurum
1207 2574 1392 2655 requirunt,

278 2697 382 2780 igitur
416 2695 624 2760 scribendum
659 2694 827 2775 χρήσεσθαι.
859 2696 932 2761 Non
963 2717 1030 2761 esse
1052 2699 1086 2760 in
1112 2699 1278 2762 codicibus
1300 2697 1392 2760 uliud

279 2822 473 2885 mendorum
509 2840 611 2902 genus
644 2821 858 2903 frequentius,
890 2842 991 2904 quarn
1028 2829 1063 2885 ut
1091 2822 1209 2886 futuris
1232 2823 1392 2886 infinitivi

277 2946 390 3009 coristi
415 2945 668 3022 substituentur,
693 2963 799 3027 neque
824 2945 883 3008 hae
907 2946 942 3007 in
966 2965 1001 3009 re
1026 2947 1129 3010 libros
1152 2946 1221 3008 ulla
1243 2946 1304 3008 lide
1324 2946 1391 3028 dig·

279 3089 337 3133 nos
370 3089 448 3146 esse,
484 3088 604 3150 magne
634 3070 728 3150 eopia
759 3068 985 3151 exemplorum
1014 3070 1254 3134 demonstravit
1276 3070 1316 3130 V.
1340 3068 1391 3133 Ol.

279 3193 430 3272 conclus,
455 3193 537 3258 Nov.
562 3194 663 3260 Lectt.
688 3213 718 3276 p.
746 3195 818 3272 lot,
843 3195 905 3256 365
930 3213 976 3276 sq.
1001 3200 1035 3257 et
1058 3195 1120 3258 405
1145 3214 1192 3278 sq.

322 3417 370 3480 Ib.
394 3419 445 3481 20.
465 3401 520 3488 rhu
536 3420 592 3479 τῶν
611 3417 702 3496 χρεῶν
714 3413 863 3486 άπικιπίιι
875 3411 1062 3493 σεισάχθειαν
1074 3413 1271 3493 ὀνομάσαντος
1281 3439 1308 3478 κ.
1322 3439 1348 3479 τ.
1362 3429 1391 3478 λ.

280 3542 378 3606 Solon
406 3542 462 3622 (sie
484 3548 598 3604 narret
622 3542 819 3604 Plutarchus
842 3542 878 3603 in
903 3543 963 3605 hoe
986 3543 1105 3625 capite)
1131 3543 1252 3606 archon
1277 3543 1393 3606 consti-

280 3673 379 3744 tutus,
398 3634 489 3730 nihil
513 3667 682 3752 antiquius
707 3666 822 3728 hebuit
840 3685 938 3749 quern
961 3674 999 3728 ut
1015 3667 1177 3749 populum
1196 3687 1270 3731 sere
1282 3667 1391 3731 alieno

279 3813 466 3876 oppressum
491 3792 654 3856 liberaret.
677 3791 829 3854 Primum
853 3792 955 3876 igitur
979 3793 1059 3855 tulit
1083 3793 1200 3876 legem,
1221 3799 1256 3856 ut
1279 3793 1393 3856 omnia

279 3938 365 4001 quae
389 3924 466 3982 tune
491 3924 597 3981 essent
619 3917 732 3981 debite
756 3918 1014 3995 remitterentur,
1039 3939 1122 3984 neve
1144 3920 1279 4002 posthae
1303 3919 1393 3983 debi-

280 4051 388 4108 torum
421 4062 557 4126 corpore
588 4043 824 4125 obligarentur.
855 4042 1112 4106 Idem‘testutur
1135 4044 1333 4108 Plutarchus
1356 4043 1391 4104 in

279 4167 392 4233 libello
423 4170 462 4232 de
495 4168 630 4230 nitendo
661 4187 735 4230 aere
766 4167 874 4231 alieno
898 4187 968 4251 cap.
994 4168 1031 4231 4:
1056 4166 1086 4232 πί
1105 4167 1161 4248 γάρ
1184 4166 1272 4241 ὤνησε
1294 4165 1394 4230 Σόλων

280 4292 450 4367 Ἀθηναίους
473 4287 657 4368 άπαλλάξας
675 4295 725 4355 τοῦ
745 4288 794 4354 ἐπὶ
814 4298 873 4364 τοῖς
893 4292 1025 4370 σάμασιν
1037 4293 1177 4374 docitem
1191 4294 1259 4356 Alii
1272 4299 1395 4370 auteur,
