3360 5228
828 533 868 596 36

293 745 379 820 fecti,
412 741 597 823 προσέκειντο,
633 745 721 826 quod
756 743 856 806 etiarn
891 742 986 824 quasi
1018 738 1248 824 imperfectum
1281 745 1338 820 est,
1373 745 1408 805 et·

293 866 432 948 ἕκοίκοζον.
456 869 710 932 Restituendum
735 868 836 951 igitur
859 864 993 946 ἔφευγον.

338 1131 387 1196 lu.
421 1134 473 1194 29.
497 1130 520 1194 εί
543 1129 592 1194 δαὶ
614 1127 742 1207 τοῦνομα
765 1128 943 1193 δυσωπεῖται
965 1127 1018 1201 τίον
1043 1127 1215 1208 μοναρχίαν,
1241 1125 1333 1209 ὥσπερ
1357 1129 1406 1192 οὐκ

294 1257 381 1337 αρετῇ
410 1259 461 1320 τοῦ
491 1253 635 1333 λαβόντος
664 1253 744 1327 εὐθὺς
773 1252 808 1317 ίον
832 1251 1174 1331 βασιλείανγενομέννν.
1200 1253 1405 1316 Vocabulum

296 1380 444 1461 μοναρχία
474 1403 494 1444 a
524 1381 702 1446 Plutarcho
727 1381 910 1444 adhibitum
935 1385 984 1444 est
1006 1378 1318 1471 easiguificatione,
1342 1397 1408 1460 qua

294 1507 491 1588 plerumque
522 1504 650 1586 τυραννίς
685 1510 872 1587 usurpatur.
907 1503 1039 1568 Rectius
1073 1503 1264 1568 Aristoteles
1287 1505 1407 1567 statuit

294 1632 495 1696 vocabulum
527 1630 690 1712 μοναρχίαν
720 1631 892 1714 complecti
923 1637 957 1694 et
988 1627 1143 1707 βασιλείαν
1174 1635 1206 1693 et
1236 1629 1407 1708 τυραννίδα,

295 1759 436 1840 priorem
461 1763 570 1821 autem
597 1758 723 1840 legibus
747 1776 814 1820 esse
836 1757 1023 1834 coercitam,
1048 1754 1083 1817 in
1106 1753 1212 1817 altera
1237 1774 1311 1818 vero
1336 1755 1409 1818 libi-

295 1883 405 1945 dinem
431 1882 587 1964 principis
605 1901 661 1964 pro
682 1881 752 1964 lege
771 1881 896 1957 haberi,
915 1881 1013 1944 Arist.
1032 1881 1115 1944 rhet.
1136 1877 1166 1969 Ι,
1184 1881 1212 1956 8,
1227 1885 1246 1940 4
1259 1877 1408 1959 μοναρχία

295 2006 321 2070 δ’
345 2003 408 2070 ἐστὶ
431 2005 512 2070 κατα
533 2005 670 2084 τοῦνομα,
693 2007 721 2070 ἕν
746 1999 821 2086 plaic
847 2003 984 2069 οὶαοίντυν
1007 2002 1097 2085 noph
1118 2005 1189 2077 ἐστι,
1214 2003 1320 2068 τούτων
1339 2004 1408 2069 aaa

296 2131 351 2209 μὲν
382 2131 462 2196 κατα
490 2128 573 2206 τοίξου
604 2132 669 2195 τινα
698 2130 846 2209 βασιλεία,
877 2131 894 2203 ν’
923 2130 949 2194 δ’
972 2129 1099 2211 οὶίρνττος
1122 2129 1267 2210 τυραννίςς
1291 2131 1406 2213 Polyb.

295 2257 338 2334 ΙΙ,
363 2258 415 2334 47,
441 2259 460 2319 3
484 2254 535 2320 καί
559 2261 610 2320 τοῦ
634 2255 811 2334 Κλεομένους
833 2255 866 2321 τί
888 2280 921 2320 τε
944 2253 1062 2336 ποίτροον
1086 2253 1252 2333 πολίτευμα
1274 2253 1408 2319 καταλύ-

296 2402 399 2452 σαντος
423 2378 474 2444 καί
498 2380 550 2454 τὴν
573 2378 688 2459 ἔννομον
709 2381 864 2460 βασιλείαν
888 2381 927 2454 εἰς
949 2380 1106 2462 τυραννίδα
1129 2379 1381 2458 μεταστήσαντος.

341 2630 390 2695 Ib.
415 2633 467 2696 41.
491 2627 550 2695 ὅθεν
573 2629 691 2704 εὔδηλον
714 2629 755 2694 in
777 2629 829 2694 καί
849 2631 899 2711 πρὸ
918 2636 972 2705 τῆς
990 2629 1155 2708 νομοθεσίας
1167 2626 1307 2707 μενοίλνν
1320 2626 1407 2704 δόξαν

297 2749 385 2835 εἶχεν.
416 2756 540 2833 „Unde
571 2753 699 2838 liquido
730 2762 865 2838 apparet
896 2756 1060 2834 Solonem,
1092 2757 1190 2818 etiam
1215 2756 1407 2838 priusquam

296 2882 382 2964 leges
413 2879 520 2958 ferret,
552 2881 587 2943 in
621 2900 741 2962 magna
771 2880 1015 2944 existimatione
1039 2879 1170 2943 luisse.''
1196 2877 1286 2944 Haec
1309 2881 1411 2944 verba

296 3026 414 3089 parum
437 3011 589 3069 accurate
612 3024 632 3067 a
654 3005 833 3069 Plutarcho
858 3006 969 3069 addita
991 3023 1058 3069 esse
1083 3007 1165 3068 mihi
1184 3006 1349 3070 videntur.
1370 3006 1409 3068 In

298 3130 566 3213 praecedentibus
591 3131 739 3194 versibus
763 3132 851 3194 enim
879 3130 977 3194 Solon
1002 3130 1043 3193 ad
1068 3131 1213 3194 Phocum
1241 3131 1354 3195 scribit
1377 3150 1411 3194 se

299 3275 364 3320 non
385 3256 515 3339 pudere,
535 3257 621 3339 quod
644 3257 851 3338 tyrannidem
877 3256 941 3320 sibi
960 3256 1107 3320 oblatam
1126 3256 1283 3352 renuerit,
1305 3275 1410 3338 quum

299 3385 431 3463 putaret
458 3400 491 3444 se
523 3383 681 3463 maj0rem
710 3382 787 3444 iude
816 3382 878 3445 sibi
908 3381 1046 3463 gloriam
1071 3399 1283 3464 comparasse,
1308 3399 1409 3463 quam

300 3506 329 3568 si
350 3506 534 3588 accepisset.
559 3507 609 3568 Ex
634 3507 682 3569 his
706 3507 853 3570 versibus
877 3506 1074 3569 Plutarchus
1097 3505 1223 3587 colligit
1246 3502 1411 3584 Solonem,

296 3633 367 3714 jam
390 3638 567 3714 antequam
592 3633 713 3694 archon
736 3638 826 3708 esset,
851 3650 971 3714 magna
994 3631 1082 3713 apud
1101 3630 1190 3694 cives
1210 3650 1284 3694 suos
1304 3635 1412 3693 aucto·

299 3757 397 3819 ritate
419 3756 565 3819 fructum
589 3775 666 3819 esse.
690 3755 786 3819 Unde
811 3775 888 3819 vero
910 3756 970 3818 hoc
988 3753 1160 3837 sequitur?
1178 3754 1218 3817 In
1231 3755 1310 3837 ipsis
1323 3755 1411 3818 enim

301 3881 449 3944 versibus
472 3880 557 3943 nihil
581 3887 640 3958 est,
666 3901 706 3943 ex
729 3899 795 3962 quo
817 3881 939 3944 efficere
958 3881 1061 3963 possis
1081 3880 1234 3944 Solonem
1250 3881 1413 3961 jamenta

299 4007 388 4088 leges
418 4007 554 4088 scriptas
579 4007 620 4069 ad
645 4006 854 4088 tyrannidem
878 4004 1106 4088 capessendam
1130 4003 1307 4068 incitatum
1333 4023 1412 4067 esse.

302 4130 397 4213 Quod
427 4133 454 4194 is
480 4137 608 4194 tantum
635 4133 762 4195 novisse
784 4135 901 4212 potest,
923 4130 982 4212 qui
1008 4135 1234 4212 totum-eaput
1257 4138 1410 4212 quartum

663 4253 677 4276 ‘l

302 4257 468 4322 decimum
502 4257 626 4339 legerit.
660 4257 718 4320 οίεν
748 4253 865 4328 εὔδηλον
895 4278 923 4319 κ.
943 4276 971 4318 τ.
992 4267 1020 4317 a.
1045 4255 1147 4336 igitur
1170 4264 1256 4318 recte
1280 4259 1412 4317 tantum
