3360 5228
807 536 847 597 55

272 745 378 810 enim·
389 747 459 828 jam
492 744 571 808 olim
597 746 731 828 juvenis
764 746 861 810 Solon
886 746 1074 832 Aegyptum
1099 747 1228 826 viserat,
1252 749 1291 813 of.
1315 766 1384 830 cap.

273 873 291 933 2
316 866 430 950 ώρμησε
453 866 512 941 νέος
534 867 576 934 ἔτι
600 869 635 934 ών
658 872 726 948 πρὸς
749 869 896 952 ἐμπορίαν.

318 1131 397 1214 Cap.
438 1130 578 1208 XXVII,
610 1133 661 1196 26.
693 1131 833 1216 ἦρώτκσεν
864 1132 952 1196 αὑτὸν
981 1134 994 1195 ὑ
1024 1139 1149 1213 Κροῖσος,
1174 1129 1201 1196 εἴ
1220 1155 1286 1196 τινα
1309 1127 1385 1197 οἶδεν

271 1258 421 1340 ἀνθρώπων
445 1259 537 1322 αὑτοῦ
560 1257 780 1339 μακαριώτερον.
805 1261 845 1322 V.
869 1259 918 1326 Cl.
943 1258 1086 1324 Cobetos
1102 1261 1137 1324 in
1156 1261 1278 1324 Mnem.
1299 1259 1383 1324 Nov.

271 1387 339 1450 Ser.
371 1386 447 1449 Vol.
480 1386 539 1462 VI,
571 1405 601 1469 p.
633 1385 715 1450 137:
744 1405 830 1468 „pro
853 1379 927 1448 οἶδεν
951 1405 992 1449 ex
1017 1405 1082 1450 nno
1105 1385 1191 1450 libro
1215 1392 1381 1469 reoeptom

269 1510 491 1573 revocandum
516 1503 624 1573 εἷδεν.”
648 1508 858 1593 Quamquam
881 1511 984 1573 nimis
1003 1511 1111 1574 audax
1130 1511 1234 1574 videri
1252 1531 1384 1593 possum

268 1654 289 1698 a
312 1635 352 1696 V.
376 1633 427 1698 Cl.
450 1633 651 1715 dissentiens,
674 1637 753 1700 nolo
776 1643 890 1718 tamen,
909 1637 1046 1700 reticere
1066 1656 1153 1721 quae
1171 1637 1382 1702 adtuendam

241 1754 243 1758 ’
271 1762 444 1826 lectionem
482 1761 652 1844 vulgatam
683 1763 818 1845 proferri
848 1780 938 1845 posse
966 1762 1116 1825 arbitrer.
1141 1763 1251 1826 Verba
1273 1761 1384 1826 Croesi

270 1887 426 1952 Solonem
451 1888 684 1971 interrogantis
706 1886 857 1951 fuerunt:
882 1880 925 1961 ἆρ’
955 1881 1035 1951 aaa
1058 1910 1123 1951 τινα
1142 1886 1293 1968 ἀνθρώπων
1313 1888 1385 1965 ἐμοῦ

270 2011 491 2092 μακαριώτερον,
522 2014 544 2076 i.
569 2032 597 2076 e.
628 2013 758 2077 nostine
790 2013 958 2078 hominem
980 2033 1044 2092 ¹me
1072 2013 1277 2078 beatiorem?
1310 2012 1385 2077 Non

270 2139 428 2203 intererat
451 2135 560 2203 Croesi
584 2140 665 2204 seire
687 2160 768 2202 num
792 2159 890 2224 qoem
912 2140 1095 2205 vidisset
1115 2141 1225 2218 Solon,
1244 2141 1298 2205 sed
1317 2162 1385 2206 om·

270 2265 352 2329 nino
373 2285 452 2328 num
474 2285 571 2348 quem
596 2266 765 2329 hominem
786 2270 931 2329 nosset
949 2286 982 2330 se.
995 2266 1184 2332 beatiorem.
1197 2260 1271 2330 οἶδεν
1284 2268 1384 2330 etiarn

270 2391 411 2454 stabiliri
443 2411 558 2454 censeo
589 2391 730 2473 perfeeto
760 2387 882 2468 ἔγνωκεν
905 2390 940 2454 in
963 2392 1115 2475 proxima
1139 2392 1274 2470 vicinia,
1298 2393 1386 2475 quod

269 2515 367 2598 plane
390 2517 477 2579 idem
507 2517 666 2599 signifieat
689 2522 790 2598 atque
810 2509 893 2579 οἶδεν.
915 2516 1029 2581 Nihilo
1049 2497 1152 2600 magis
1165 2523 1384 2600 neoessepnto

271 2660 338 2704 esse
362 2641 463 2704 verba
479 2642 570 2705 αὑτοῦ
590 2641 800 2722 μακαριώτερον
821 2649 948 2706 mutare
967 2643 1001 2704 in
1015 2639 1131 2705 πώντοον
1145 2641 1385 2722 μακαριώτατον;

271 2785 475 2850 quamquam
501 2769 590 2830 enim
614 2768 661 2830 ita
685 2769 771 2850 apud
796 2768 1003 2832 Herodotum
1029 2769 1190 2850 seriptum
1216 2773 1272 2847 est,
1296 2769 1386 2832 Plut-

272 2895 421 2972 arrhum,
444 2895 502 2976 qui
532 2895 633 2958 etiam
655 2893 740 2977 apud
765 2895 846 2958 alios
869 2899 902 2958 et
925 2895 1010 2977 ipsos
1033 2894 1236 2959 Herodotum
1262 2899 1388 2958 seoutos

270 3021 495 3084 narrationem
519 3019 558 3084 de
581 3020 744 3104 colloquio
770 3022 857 3085 inter
881 3021 1036 3085 Solonem
1061 3026 1094 3084 et
1115 3018 1272 3085 Croesum
1293 3020 1387 3103 legis-

270 3151 327 3223 set,
362 3145 412 3228 (of.
443 3146 577 3208 initium
611 3166 681 3230 eap.
706 3147 745 3209 27
772 3143 823 3209 καὶ
847 3144 1056 3218 τοσούτους
1080 3143 1230 3226 μώρτιιρας
1253 3143 1382 3230 ἔχοντα)

270 3272 369 3355 paulo
390 3271 486 3334 aliter
509 3291 579 3335 rem
605 3271 773 3335 tradidisse
797 3291 926 3336 sumere
946 3273 1034 3336 lieet.
1058 3273 1158 3336 Porro
1183 3292 1256 3336 earn
1279 3273 1384 3354 ipsam

272 3397 566 3479 interrogationem
591 3398 748 3475 „nostine
760 3416 961 3481 quemqnam
977 3417 1030 3461 me
1043 3396 1245 3462 beatiorem”
1265 3398 1388 3479 optime

272 3526 387 3588 eadere
412 3524 530 3606 opinor
551 3525 587 3587 in
612 3543 721 3607 regem
746 3527 1011 3608 arrogantissime
1035 3525 1074 3589 de
1097 3529 1203 3588 semet
1224 3525 1293 3607 ipso
1316 3544 1387 3588 sen-

273 3650 410 3712 tientem
442 3654 474 3712 et
503 3650 577 3731 plus
605 3669 709 3731 aequo
732 3650 795 3714 sibi
819 3650 1015 3733 placentem.
1039 3647 1150 3729 Quare
1174 3650 1233 3713 hoo
1256 3668 1388 3732 quoque

271 3774 344 3837 looo
367 3773 538 3857 vulgatam
562 3793 691 3838 servare
716 3774 842 3839 malim.

316 4021 364 4085 Ib.
383 4023 435 4084 to,
460 4019 615 4092 ὑποδύντες
640 4021 680 4101 τῷ
704 4019 795 4100 ζυγῷ.
823 4021 994 4087 ὑποδύεσθαι
1017 4029 1075 4088 aut
1098 4043 1173 4087 oum
1200 4025 1386 4088 accusativo

272 4147 538 4230 conjungendum
563 4153 611 4211 est
633 4153 693 4211 aot
715 4150 916 4230 praepositio
941 4148 996 4212 ὑπύ
1020 4151 1206 4232 repetenda,
1230 4156 1266 4213 ut
1286 4150 1388 4214 Hero-

274 4273 368 4336 dotus
398 4273 438 4337 de
468 4273 582 4338 eadem
616 4293 651 4337 re
681 4275 825 4338 scribens
850 4274 950 4338 habet
973 4272 1127 4346 ὑποδύντες
1150 4273 1233 4338 αὑτοὶ
1259 4274 1313 4340 ὑπὸ
1337 4274 1389 4347 τὴν
