3360 5228
799 593 839 656 37

262 807 351 870 diota
373 809 461 884 sunt,
483 806 509 868 si
534 824 600 868 non
624 805 666 868 ed
690 804 775 886 ipsos
796 801 924 866 Solonis
946 820 1066 882 versus,
1087 803 1141 866 sed
1154 803 1194 865 ad
1207 801 1377 865 Plutarchi

264 932 365 996 verbo
400 931 577 996 rettuleris.
614 930 736 1011 Durius
771 930 830 994 hoo
861 929 962 1010 possit
992 927 1107 1007 videri,
1139 929 1203 1006 sed,
1236 929 1300 991 nisi
1330 929 1378 991 its

263 1056 364 1120 verba
398 1056 569 1139 acceperis,
600 1074 772 1138 perperam
805 1074 825 1116 a
853 1053 1031 1116 Plutarcho
1061 1054 1187 1136 adjecta
1217 1073 1285 1117 esse
1314 1059 1377 1116 sta-

264 1183 422 1247 tuendum
449 1183 521 1248 erit.

307 1444 355 1507 Ib.
380 1444 433 1506 48.
457 1439 555 1514 ῆθελον
576 1439 634 1521 γύρ
653 1463 700 1504 κεν
720 1440 868 1520 κρατῆσας
889 1463 915 1502 κ.
928 1462 955 1502 τ.
970 1453 997 1502 λ.
1020 1439 1114 1503 Libri
1135 1437 1377 1512 Ιικίνθηθῆθελεν,

263 1571 318 1633 sed
338 1589 378 1632 ex
398 1569 524 1650 optima
543 1567 708 1649 Xylsndri
729 1566 961 1630 emendatione
974 1585 1087 1629 omnes
1098 1565 1238 1629 editores
1250 1569 1380 1647 praeter

262 1694 449 1757 Bekkerurn
481 1689 580 1764 ῆθελον
608 1693 645 1753 in
677 1699 805 1755 textum
830 1696 1035 1773 receperunt,
1059 1691 1146 1773 quod
1169 1692 1276 1755 solnm
1300 1692 1378 1754 ferri

264 1823 379 1902 potest,
403 1818 482 1901 quis
505 1825 584 1881 sunt
605 1817 705 1881 verba
730 1817 874 1880 hominis
898 1817 1052 1880 Solonem
1078 1816 1255 1880 deridentis
1275 1817 1380 1898 deque

265 1963 298 2007 se
322 1963 389 2006 non
414 1943 453 2007 de
476 1941 595 2006 Solone
616 1941 790 2024 loquentis.

309 2190 357 2252 Ib.
389 2189 441 2252 50.
469 2187 559 2260 ασκδς
590 2183 703 2268 ὕστερον
732 2185 864 2268 δεδοίρθαι
895 2212 922 2251 κ.
947 2211 974 2251 τ.
1000 2200 1030 2252 λ.
1061 2185 1145 2251 Curn
1177 2188 1228 2250 his
1259 2188 1299 2252 οί.
1323 2187 1380 2252 Ar.

266 2311 482 2377 Nubb.440:

578 2436 659 2502 τουτὶ
682 2438 788 2516 τούμδν
812 2437 888 2516 σῶμ’
917 2439 1046 2505 αύτοῖσιν

575 2562 696 2645 παρέχω
720 2562 848 2636 τύπτειν,
874 2570 980 2637 πεινῆν,
1005 2564 1102 2644 διψῆν,

575 2690 717 2769 αὐχμεῖν,
741 2693 833 2771 ῥιγῶν,
857 2690 947 2754 οὶσκδν
971 2689 1065 2770 δείρειν

266 2824 300 2882 et
322 2817 377 2881 Ar.
402 2818 484 2901 qu.
510 2817 590 2881 370:

576 2939 643 3021 δερῶ
666 2963 700 3003 σε
723 2937 844 3003 θύλακον
867 2945 989 3012 κλοπῆς,

266 3070 353 3152 quod
378 3074 464 3131 reste
486 3067 611 3131 scholia
635 3067 801 3150 explicent
824 3065 924 3146 ε’κδερῶ
948 3089 990 3138 σε,
1012 3063 1086 3130 ιθστε
1103 3067 1164 3130 οὶπδ
1183 3070 1233 3130 τοῦ
1246 3063 1384 3144 σύματύς

267 3214 318 3254 σον
340 3189 462 3254 θύλακον
486 3195 602 3263 ποιῆσαι
625 3190 665 3262 εἰς
689 3188 837 3268 ὑποδοχὴν
860 3188 1053 3268 κλέμματος;
1123 3234 1126 3240 ·

312 3318 360 3381 Ib.
389 3317 467 3380 768:

312 3440 475 3518 ἀπολοίμην
499 3438 549 3504 καί
571 3440 760 3521 διαπρισθείην
782 3441 1079 3519 κατατμηθείην
1102 3465 1143 3505 τε
1165 3439 1351 3506 λέπαδνα.

313 3689 392 3774 Cap.
417 3688 492 3766 XV,
515 3691 545 3752 5.
571 3685 647 3752 έθετο
670 3687 736 3761 τοὺς
761 3688 871 3767 νόμους.
896 3691 961 3754 flio
983 3692 1073 3755 loeus
1093 3690 1235 3755 ostendit
1253 3690 1383 3754 Plutar-

269 3816 379 3893 ohunr,
408 3833 612 3898 quemquam
643 3816 759 3879 sedulo
789 3815 919 3880 Atticos
942 3817 1067 3880 imitari
1092 3822 1240 3894 conatur,
1265 3837 1380 3881 eornm

270 3941 426 4024 loquendi
456 3960 553 4004 usum
585 3960 702 4023 parurn
737 3943 907 4025 cognitum
941 3942 1101 4007 habuisse.
1134 3941 1233 4025 Apud
1256 3942 1384 4006 Atticos

270 4069 367 4131 enim¹
390 4064 475 4144 νίμον
504 4063 609 4130 τιθέναι
639 4071 672 4130 et
703 4064 788 4143 νθμον
818 4066 943 4130 τίθεσθαι
976 4073 1065 4132 serta
1089 4069 1219 4132 ratione
1241 4068 1328 4132 inter
1351 4087 1384 4132 se

269 4193 441 4256 differunt:
476 4189 561 4269 νθμον
592 4189 605 4253 ὃ
637 4190 691 4267 μὲν
722 4191 876 4269 νομοθέτης
906 4191 1022 4267 τίθησιν,
1053 4192 1066 4255 ὅ
1096 4192 1127 4256 δὲ
1151 4191 1242 4270 δῆμος
1257 4190 1383 4256 τίθεται.

272 4317 325 4381 sio
348 4319 584 4384 Demosthenes
606 4313 666 4410 Or:
686 4317 797 4397 XXII,
820 4319 860 4382 30
884 4318 926 4401 (p.
948 4321 1022 4402 602)
1044 4314 1123 4393 ι’ίξιον
1142 4310 1386 4397 τοίνυν,ύο’ίνδρες
