3360 5228
838 526 877 586 16

338 735 419 818 Gap.
442 736 524 798 VIII
547 741 580 799 et
600 735 660 798 IX.
687 737 821 800 Duobus
845 736 894 799 his
917 737 1079 819 capitibus
1099 738 1253 803 describit
1272 740 1412 803 Plutar-

296 862 377 925 chus
399 861 562 943 quomodo
586 855 684 924 Solon
709 859 978 940 Atheniensibus,
998 868 1035 925 ut
1053 863 1255 928 Salaminem
1270 865 1410 947 aMega-

296 985 445 1048 rensibus
477 989 669 1068 occupatam
700 990 938 1068 recuperarent,
970 988 1168 1069 persuaserit
1192 993 1224 1052 et
1246 1008 1312 1072 quo
1337 990 1411 1054 dolo

297 1118 413 1177 contra
442 1111 647 1194 Megarenses
681 1132 757 1175 usus
787 1113 839 1175 sit.
872 1113 966 1176 Hanc
990 1113 1158 1178 Plutarchi
1184 1117 1411 1180 narrationem

296 1239 326 1301 si
354 1239 541 1302 accuratius
571 1238 814 1321 inspexerimus
837 1257 976 1321 eamque
999 1259 1075 1302 curn
1099 1240 1149 1316 iis,
1173 1259 1259 1323 quae
1285 1239 1346 1304 hac
1374 1240 1412 1303 dc

296 1384 331 1428 re
354 1366 440 1448 apud
463 1365 546 1428 alios
569 1365 741 1447 scriptores
759 1365 987 1443 inveniuntur,
1007 1366 1319 1448 comparaverimus,
1333 1385 1411 1430 nos·

297 1496 384 1554 trum
415 1495 581 1555 auctorem
614 1491 708 1573 gravi
738 1491 938 1573 implicitum
971 1511 1039 1555 esse
1070 1510 1177 1556 errore
1200 1491 1409 1556 statuendum

297 1635 364 1680 esse
383 1618 487 1680 credo.
511 1615 691 1680 Videamus
714 1617 818 1700 igitur
841 1635 926 1699 quae
945 1617 1140 1681 Plutarchus
1160 1618 1276 1683 tradat.
1297 1615 1411 1698 Quum

297 1743 514 1808 Athenienses
543 1744 636 1826 gravi
667 1748 700 1805 et
730 1743 892 1806 diuturno
925 1743 1009 1806 bello
1039 1743 1078 1806 dc
1109 1743 1278 1806 Salamine
1301 1722 1416 1805 insula

298 1875 410 1933 contra
432 1869 636 1951 Megarenses
660 1868 791 1951 fatigati
814 1870 897 1951 ejus,
918 1869 975 1950 qui
1000 1868 1039 1931 de
1058 1867 1281 1950 recuperanda
1301 1867 1412 1930 insula

296 1993 337 2056 ad
360 1994 522 2076 populum
545 1994 683 2070 tulisset,
707 1999 807 2076 caput
829 1999 1018 2072 sacrassent,
1039 1995 1149 2071 Solon,
1170 1994 1253 2058 hanc
1273 1994 1412 2076 ignomi-

296 2123 386 2184 niam
419 2121 564 2204 graviter
592 2121 709 2197 ferens,
741 2122 934 2202 praesertim
967 2140 1073 2202 quum
1096 2120 1222 2184 videret
1246 2119 1412 2184 multose

293 2249 480 2334 junioribus
503 2250 704 2313 occasionem
727 2249 908 2328 renovandi
932 2248 1011 2312 belli
1031 2267 1198 2330 quaerere,
1219 2265 1274 2311 eos
1297 2251 1409 2311 tamen

298 2382 387 2438 metu
419 2375 501 2458 legis
531 2375 678 2452 retineri,
708 2374 874 2438 dementia
903 2374 1060 2437 simulata
1083 2376 1218 2456 repente
1241 2373 1276 2436 in
1301 2373 1410 2436 forum

296 2501 459 2584 prosiluit,
482 2505 581 2583 atque
604 2500 652 2564 ibi
678 2518 798 2583 magna
821 2519 896 2564 eum
917 2500 1090 2564 hominum
1113 2499 1333 2562 multitudine
1349 2499 1410 2562 cir·

297 2632 491 2704 cumstante,
521 2646 539 2690 e
562 2627 731 2708 praeconis
754 2631 905 2709 suggestu
930 2645 1042 2690 versus
1066 2627 1101 2689 in
1128 2627 1212 2689 hanc
1232 2644 1300 2688 rem
1326 2645 1411 2689 com·

295 2754 416 2837 positos
438 2753 600 2828 recitavit,
623 2753 745 2836 quibus
767 2753 816 2814 ita
839 2753 927 2815 cives
950 2752 1182 2828 inflammavit,
1204 2750 1410 2814 utsuadente

296 2879 465 2950 Pisistrato
496 2879 600 2960 legem
634 2878 831 2960 abrogarent
861 2882 893 2940 et
921 2877 1046 2940 bellum
1071 2881 1185 2940 eontra
1208 2877 1412 2958 Megarenses

295 3005 567 3087 redintegrarent.
595 3004 706 3085 Pergit
729 3004 846 3066 deinde
868 3002 1065 3066 Plutarchus
1089 3001 1274 3066 describens
1298 3021 1412 3084 quem-

295 3150 372 3193 nam
409 3131 520 3195 dolum
555 3130 733 3194 secundnm
768 3131 891 3192 sarnam
930 3130 1074 3192 maxime
1104 3129 1273 3212 vulgatam
1305 3127 1404 3192 Solon

296 3256 494 3335 adhibuerit,
527 3261 563 3319 ut
593 3256 722 3320 falleret
751 3257 963 3339 Megarenses.
988 3255 1087 3319 Solon
1110 3253 1293 3336 praelectus
1316 3252 1402 3317 bello

298 3401 373 3445 cum
407 3382 578 3445 Pisistrato
614 3381 655 3443 ad
689 3377 907 3462 Goliadem1)
943 3380 1128 3462 navigavit,
1161 3397 1332 3463 quumque
1364 3378 1411 3441 ibi

297 3513 465 3572 niatronas
488 3527 579 3601 sacra
599 3505 710 3570 Cereri
730 3507 885 3570 facientes
904 3506 1096 3583 offendisset,
1119 3506 1287 3570 hominem
1301 3505 1413 3580 fidum,

298 3635 354 3717 qui
379 3655 412 3698 se
435 3634 634 3716 transfugam
660 3651 727 3696 esse
750 3632 932 3710 simularet,
957 3632 1129 3695 Salamina
1148 3632 1248 3708 misit,
1266 3631 1324 3712 qui
1345 3650 1413 3694 mo·

298 3765 400 3836 neret,
430 3761 457 3822 si
479 3759 655 3842 primarias
679 3757 934 3821 Atheniensium
960 3758 1115 3821 mulieres
1139 3757 1413 3839 comprehendere

299 3886 431 3964 vellent,
456 3905 566 3950 secum
589 3904 690 3968 quam
712 3884 884 3948 celerrime
903 3885 944 3947 ad
962 3883 1226 3966 promontorium
1241 3879 1410 3945 Soliadem

298 4079 444 4088 ------—

332 4197 352 4261 ι)
371 4193 420 4248 Est
442 4193 655 4262 promontorium.
676 4191 857 4261 quadriginti
875 4190 968 4245 stadiis
985 4207 999 4244 a
1017 4166 1129 4244 Phalera
1147 4192 1229 4253 abest,
1248 4189 1279 4244 ci.
1297 4191 1379 4244 Paos.
1393 4189 1414 4255 I,

301 4287 323 4351 l,
339 4286 356 4339 5
373 4286 462 4347 ἀπέχει
479 4285 504 4335 lt
524 4287 570 4350 (sc,
588 4286 636 4334 ἀπὸ
654 4288 697 4334 τοῦ
715 4283 837 4350 Φαλήρου)
853 4283 963 4340 crabbus
980 4282 1065 4334 ε’ίκοσιν
1083 4282 1142 4344 dirps
1161 4283 1259 4340 Κωλιάς.
