3360 5228
798 603 840 664 43

262 811 294 876 δὲ
324 818 378 884 τῆς
410 809 597 892 ὑπαρχούσης
628 808 777 888 δυνάμεως
808 808 887 874 οὐδὲν
917 805 1048 890 ἔπραξεν,
1079 810 1101 873 i.
1126 828 1154 872 c.
1177 808 1263 872 nihil
1288 808 1374 885 lecit,

263 939 348 1020 quod
376 938 544 1032 potestati,
580 956 666 1019 quae
697 937 759 1020 ipsi
792 937 916 1000 tributa
947 940 1037 1012 esset,
1067 935 1203 1000 inferius
1226 939 1373 998 autnon

263 1063 362 1146 plane
385 1082 568 1144 congruens
592 1068 682 1139 esset,
706 1081 773 1144 quo
795 1062 992 1125 Plutarchus
1015 1061 1198 1144 significare
1221 1059 1307 1125 velle
1328 1061 1375 1121 vi·

264 1188 359 1251 detur·
389 1188 544 1252 Solonem
574 1207 641 1251 non
673 1187 951 1272 quemadmodum
983 1187 1170 1269 Lycurgum
1197 1187 1264 1248 vim
1288 1183 1376 1250 adtri-

264 1311 383 1390 buirse,
414 1311 469 1376 scd
493 1331 532 1376 ea
555 1317 697 1389 tantum,
722 1330 821 1394 quam
849 1311 934 1374 ultro
957 1310 1021 1374 sibi
1043 1311 1131 1375 cives
1155 1312 1375 1388 mandassent,

264 1443 423 1518 potestate
449 1457 545 1502 usum
572 1457 649 1502 esse.
673 1437 891 1519 Participium
911 1434 1074 1515 ὁρμώμενος
1093 1442 1125 1499 ct
1144 1437 1316 1519 sequentia
1334 1438 1376 1499 ed

266 1563 350 1626 banc
379 1563 578 1627 seutentiam
611 1563 839 1646 explicandam
871 1562 983 1625 addita
1013 1567 1099 1640 sunt,
1128 1563 1193 1639 sed,
1227 1569 1263 1626 ut
1286 1583 1375 1627 nuuc

266 1689 401 1771 quidem
424 1689 588 1772 leguntur,
612 1689 691 1772 quid
714 1688 777 1752 sibi
801 1688 905 1752 velint
927 1692 986 1751 out
1005 1689 1167 1770 quomodo
1185 1688 1376 1770 accipienda

265 1815 331 1878 sint
363 1834 417 1878 me
447 1834 578 1898 prorsus
608 1835 675 1879 non
706 1814 889 1897 intelligere
920 1815 1065 1898 ingenue
1084 1815 1197 1877 fateor.
1221 1815 1377 1878 Lectione

267 1937 454 2018 βουλεύεσθαι
488 1940 574 2004 nihil
607 1940 804 2024 proficimus.
840 1939 928 2021 Quid
961 1939 1083 2023 igitur?
1113 1941 1234 2006 Nonne
1263 1942 1377 2004 onmia

266 2072 353 2131 recte
383 2085 417 2129 ee
448 2066 581 2144 habent,
613 2067 639 2129 si
670 2067 868 2150 perticulam
900 2062 952 2129 rai
976 2065 1194 2149 expunxeris?
1216 2064 1377 2145 ὁρμώμενος

267 2193 299 2255 ἐκ
321 2189 408 2269 μόνον
431 2195 481 2255 τοῦ
503 2189 659 2270 βούλεσθαι
683 2190 825 2256 πιστεύειν
848 2193 928 2274 αὐτῷ
947 2190 1013 2264 τοὺς
1036 2191 1169 2264 πολίτας,
1192 2194 1215 2255 i.
1235 2212 1263 2256 e.
1288 2193 1377 2256 nole-

267 2318 325 2382 bat
354 2319 423 2380 vim
455 2318 641 2383 adhibendo
672 2319 795 2383 efficere
828 2323 863 2381 ut
892 2318 979 2382 cives
1005 2337 1133 2402 semper
1156 2291 1314 2380 timerent
1336 2335 1379 2379 ne

266 2447 459 2528 potestatem
484 2443 660 2521 excederet,
683 2443 738 2506 sed
761 2443 803 2505 id
828 2462 952 2505 uuum
978 2442 1176 2523 cupiebat
1200 2447 1243 2504 ut
1262 2441 1377 2505 cives

268 2569 351 2633 sibi
383 2569 665 2634 confiderent.
698 2568 751 2632 Ita
781 2568 895 2633 omnia
924 2566 1015 2631 clara
1044 2571 1076 2630 et
1108 2567 1278 2649 perspicua
1310 2585 1378 2630 esse

267 2695 431 2760 existimo.
461 2695 544 2757 Vitii
574 2695 733 2776 originem
766 2695 793 2756 si
821 2694 962 2775 quaeris,
993 2694 1153 2775 conjicere
1176 2692 1277 2776 possis
1300 2693 1379 2756 sori·

267 2821 343 2884 bam
368 2839 433 2884 non
457 2820 568 2882 statim
591 2819 672 2883 duos
695 2819 879 2882 infinitivos
896 2819 1036 2884 alterum
1058 2820 1100 2882 ab
1120 2819 1377 2901 alteropenden·

268 2949 332 3008 tem
361 2944 600 3026 intelligentem
626 2944 664 3007 de
689 2964 747 3008 suo
771 2941 820 3006 καὶ
844 2944 1028 3022 inseruisse,
1052 2963 1117 3026 quo
1143 2944 1228 3007 laeto
1249 2944 1377 3024 optima

267 3069 330 3133 loci
354 3069 515 3133 sententia
536 3089 667 3152 prorsus
690 3069 863 3134 obscurata
886 3070 938 3134 sit.

313 3317 393 3403 Cap.
414 3318 521 3396 XVII,
546 3320 576 3381 3.
599 3319 637 3381 In
664 3317 821 3384 Draconis
844 3319 973 3402 legibus
996 3317 1053 3395 μία
1076 3316 1172 3395 ὀλίγον
1191 3316 1250 3381 δεῖν
1270 3313 1380 3382 ν’έτασιν

269 3441 366 3524 ὥριστο
400 3449 456 3516 τοῖς
490 3442 689 3524 ἁμαρτάνουσι
720 3443 816 3524 ζνρμιά
847 3443 978 3516 θάνατος·
1008 3440 1081 3507 ὥστε
1111 3441 1162 3507 καὶ
1186 3441 1252 3514 τοὺς
1274 3440 1380 3520 ἀργίας

268 3565 395 3642 ἁλόντας
427 3567 625 3643 ἀποθνήσκειν.
658 3570 695 3633 In
727 3571 850 3634 Mncm.
881 3570 966 3634 Nor.
999 3570 1067 3633 Ser.
1093 3569 1165 3634 vol.
1190 3569 1237 3631 VI
1260 3587 1291 3652 p.
1317 3569 1380 3631 134

269 3695 310 3759 V.
345 3694 395 3759 Ol.
428 3695 570 3760 Cobetus
603 3696 710 3759 multa
740 3697 779 3761 de
807 3703 939 3760 auctore
962 3694 1066 3775 ἀργίας
1089 3693 1169 3768 δι’κνς
1191 3696 1381 3760 testimonia

269 3825 440 3885 coacervat
470 3841 510 3884 ex
538 3821 682 3898 Polluce,
717 3821 862 3903 Diogene
890 3821 1031 3898 Laertio,
1063 3821 1237 3896 Herodoto,
1260 3821 1380 3884 Lexico

268 3945 445 4009 eretorico
474 3945 741 4028 Cantabrigiensi
774 3947 885 4028 petita,
910 3946 945 4008 in
968 3947 1090 4029 quibus
1113 3951 1171 4010 aut
1195 3947 1299 4009 Draco
1322 3951 1381 4008 aut

269 4071 367 4135 Solon
404 4071 483 4153 legis
518 4077 632 4135 auctor
667 4072 830 4135 laudatur.
864 4071 1065 4135 Mentionem
1099 4073 1195 4154 hujus
1226 4072 1273 4135 rei
1305 4070 1382 4133 lacit

270 4197 369 4260 etiarn
403 4194 572 4261 Diodorus
594 4197 722 4260 Siculus
745 4197 769 4273 Ι,
799 4198 837 4260 77
860 4194 1071 4276 προσετέτακτο
1093 4196 1124 4260 δὲ
1147 4195 1198 4260 καὶ
1222 4199 1296 4260 τοῖσι
1319 4203 1381 4268 τοῖς

270 4320 442 4400 Αἰγυπτίοις
472 4321 698 4403 ἀπογράφεσθαι
727 4321 796 4401 πρὸς
819 4321 884 4394 τοὺς
908 4318 1056 4402 ἄρχοντας
1078 4322 1137 4386 cirri
1156 4322 1236 4386 τίνων
1260 4320 1382 4396 ἕκαστος
