3360 5228
831 487 873 550 48

346 692 394 758 Ib.
415 694 465 756 30.
485 692 517 756 τδ
540 693 607 773 πρὸς
625 693 673 758 τὸν
694 692 883 767 Φιλοκτήτην,
903 685 934 756 εὖ
953 695 1021 770 γοῦν
1042 693 1079 765 ὥς
1091 697 1202 770 γαμεῖν
1215 688 1295 771 έχεις
1307 690 1413 765 τάλας.

302 817 392 879 Idem
428 836 540 882 versus
576 837 650 881 cunr
685 819 893 900 praecedenti
930 818 1050 901 legitur
1079 818 1167 900 apud
1190 819 1416 898 Plutarchum,

305 963 375 1025 cap.
406 945 424 1004 9
456 963 498 1006 an
523 945 592 1007 seni
623 945 664 1007 sit
687 963 754 1027 ger.
780 943 931 1026 respubl„
957 963 997 1006 ex
1020 962 1085 1026 quo
1109 943 1180 1006 loco
1203 949 1292 1027 patet
1318 945 1417 1007 verba

306 1087 372 1132 csse
395 1088 505 1132 senem
530 1061 699 1151 a'nuptiis
721 1070 951 1133 contrahendis
975 1067 1196 1133 dehortantis:
1217 1063 1308 1149 άσπερ
1328 1066 1384 1148 γάρ
1403 1067 1416 1130 θ

304 1199 415 1271 γαμεῖν
438 1192 729 1274 παρασκευαζόμενον
752 1192 872 1274 γέροντα
896 1192 1133 1275 ἐστεφανωμένον
1155 1190 1206 1257 καῖ
1231 1191 1416 1275 μυριζόμενον

304 1316 484 1400 άποτρέποιν,
508 1317 559 1383 καῖ
583 1318 676 1397 λέγων
699 1317 739 1382 τά
761 1319 829 1400 πρὸς
853 1319 901 1383 τὸν
926 1318 1104 1392 Φιλοκτήτην

506 1468 549 1541 τίς
573 1469 599 1532 δ’
623 1467 659 1533 άν
681 1493 714 1532 σε
736 1467 851 1550 νύμφη,
875 1467 918 1541 ut
942 1469 972 1533 δέ
994 1467 1129 1550 παρθένος
1151 1467 1202 1534 νέα

504 1590 613 1668 δέξαιτ’
637 1592 689 1670 άν;
713 1586 743 1657 εὖ
765 1597 835 1672 γοῦν
859 1595 895 1666 ὡς
916 1585 1029 1672 γαμεῖν
1052 1593 1130 1674 ἔχεις
1150 1592 1256 1665 τάλας.

306 1767 332 1806 κ.
347 1767 374 1807 τ.
388 1757 415 1807 λ.
437 1747 619 1828 Musgravc,
644 1747 703 1828 qui
730 1748 787 1810 hos
810 1766 923 1810 versus
943 1747 1029 1811 inter
1049 1747 1235 1829 fragmenta
1246 1744 1415 1828 Euripidei
1489 1762 1497 1772 ·

307 1869 508 1934 Philoctetae
538 1870 676 1948 rettulit,
707 1841 830 1934 errasse
861 1863 1106 1935 videtur.'Non
1138 1871 1330 1953 tragoediae,
1361 1869 1416 1932 sed

307 1997 494 2060 comoediae
517 1996 614 2059 luisse
628 2015 678 2059 res
691 1996 762 2078 ipsa
775 1996 906 2074 clamat,
918 1997 1136 2079 quamobrem
1149 2001 1234 2060 recta
1246 1995 1417 2072 Matthiae,

306 2123 401 2206 frgm.
424 2123 505 2187 Eur.
529 2143 560 2206 p.
586 2123 648 2184 289
674 2143 785 2187 versus
808 2123 934 2187 comico
958 2123 1111 2186 Strattidi
1136 2123 1287 2187 tribuisse
1304 2121 1415 2185 existi-

309 2249 467 2311 mandum
499 2256 555 2325 est,
588 2251 680 2331 cujus
709 2249 880 2312 comoedia
908 2249 1105 2312 Philoctetes
1134 2251 1414 2313 commemoratur

306 2374 393 2456 apud
427 2373 595 2437 Pollucem
630 2370 707 2451 VII,
741 2375 819 2438 134:
849 2371 993 2454 Στράττις
1022 2373 1051 2436 έν
1073 2372 1113 2452 τῷ
1137 2371 1300 2452 Φιλοκτήτη
1325 2370 1414 2452 Φησίν

307 2521 333 2561 κ.
358 2521 386 2561 τ.
409 2511 436 2561 λ
469 2506 501 2578 ot
529 2499 617 2581 apud
646 2499 852 2563 Athenaeum
885 2498 959 2576 VII,
982 2519 1014 2583 p.
1036 2497 1098 2561 327
1112 2518 1146 2562 e:
1171 2494 1342 2576 μνημονεύει
1365 2499 1415 2559 τοῦ

306 2624 422 2706 φάγρον
445 2621 496 2688 καῖ
519 2622 729 2703 Στράττις-
752 2625 781 2688 έν
805 2622 978 2704 Φιλοκτητη.

351 2859 430 2942 Cap.
450 2859 542 2937 XXI,
568 2861 596 2921 l.
620 2859 800 2922 Ἐπαινεῖται
823 2857 855 2922 δὲ
877 2862 928 2922 τοῦ
947 2857 1076 2930 Σόλωνος
1095 2855 1145 2922 καὶ
1166 2857 1178 2921 θ
1196 2855 1311 2921 κοιλθοιν
1328 2854 1414 2935 νθμος

307 2984 355 3049 τὸν
385 2982 542 3059 τεθνηκθτα
571 2988 668 3056 κακῶς
696 2983 847 3066 άγορεθειν.
878 2982 929 3048 καὶ
957 2984 1013 3065 γάρ
1043 2980 1114 3048 θ’σιον
1137 2982 1203 3056 τοὺς
1228 2982 1417 3060 μεθεστῶτας

306 3109 391 3190 ἱεροὺς
413 3108 536 3190 νομίζειν
562 3107 614 3173 καὶ
634 3109 740 3174 δίκαιον
759 3108 924 3188 άπέχεσθαι
941 3112 996 3172 τῶν
1017 3110 1075 3188 οὐχ
1097 3106 1295 3190 ὑπαρχόντων,
1310 3109 1415 3173 Valde

307 3237 423 3301 dubito
457 3257 537 3301 num
572 3242 735 3321 postrema
768 3237 869 3302 verba
899 3243 984 3300 recte
1013 3236 1217 3300 intellexerit
1248 3236 1415 3314 Reiskius,

308 3380 412 3444 quum
435 3367 622 3427 annotaret:
647 3363 799 3438 „seilicet
821 3364 877 3424 τῶν
899 3359 1035 3442 λοιδοριῶν
1056 3368 1114 3427 aut
1132 3365 1187 3427 τῶν
1205 3362 1330 3435 άδικιιῖν,
1350 3381 1418 3428 sesa

308 3487 472 3552 abstinere
502 3489 545 3551 ab
573 3489 787 3552 insectatione
818 3507 943 3565 eorum,
975 3489 1032 3570 qui
1055 3488 1204 3553 laedendi
1227 3493 1285 3553 aut
1309 3487 1418 3552 convi-

308 3611 414 3675 tiaudi
436 3614 600 3696 principes
624 3633 690 3678 non
714 3615 857 3690 fuerunt,
880 3613 1014 3677 initium
1032 3615 1136 3697 jurgii
1156 3635 1220 3678 non
1241 3612 1418 3679 fecerunt.’'

309 3737 392 3801 Mihi
415 3739 524 3823 potius
547 3739 725 3821 significat:
749 3744 782 3803 et
801 3741 928 3823 Justum
954 3745 1002 3804 est
1026 3741 1189 3806 abstinere
1211 3741 1254 3803 ab
1276 3740 1326 3818 iis,
1348 3740 1418 3821 qui,

309 3883 412 3946 quum
436 3885 502 3929 non
527 3867 645 3943 adsint,
670 3865 842 3930 defendere
864 3885 932 3930 sese
956 3886 1021 3930 non
1046 3872 1190 3949 possunt.

354 4091 403 4158 lb.
439 4092 490 4152 11.
521 4089 691 4166 εὐδοκίμησε
721 4088 751 4151 δέ
783 4088 837 4152 κάν
867 4089 906 4168 τῷ
930 4087 991 4168 περὶ
1014 4088 1153 4162 διαθηκῶν
1178 4087 1264 4169 νθμρν·
1288 4086 1420 4169 πρότερον

310 4215 367 4298 γάρ
390 4218 439 4281 οὐκ
461 4213 535 4291 ε’ξῆν.
561 4217 639 4294 ,,οθκ
661 4211 728 4290 ε’ξνῖν
750 4236 793 4280 sc.
818 4212 971 4286 διαθέσθαι,
996 4217 1083 4298 quod
1106 4216 1188 4280 latet
1211 4215 1245 4277 in
1267 4236 1298 4279 v.
1320 4213 1420 4287 διαθη-
