3360 5228
881 607 921 667 5-1

392 816 441 879 Ib.
476 816 527 880 13.
552 812 579 878 εἴ
597 838 663 881 τινα
687 815 888 897 (emendavit
912 817 952 880 V.
978 814 1028 879 Ol.
1053 814 1205 894 Cobetus,
1229 817 1352 880 Mnem.
1374 816 1460 881 Nor.

348 940 415 1006 Ser.
439 941 513 1006 Vol.
537 941 594 1020 VI,
618 961 649 1025 p.
675 943 750 1025 136)
776 940 933 1022 παραβαίη
956 945 1012 1005 τῶν
1033 941 1144 1019 θεσμῶν
1163 941 1319 1023 ἀνδριάντα
1337 947 1463 1024 χρυσοῦν

349 1063 533 1148 ἰσομέτρητον
566 1066 718 1141 ἀναθήσειν
752 1069 781 1132 ἕν
818 1072 959 1148 Δελφοῖς.
996 1069 1112 1148 Multa,
1141 1089 1224 1152 quae
1254 1071 1307 1134 hic
1338 1072 1378 1149 ei,
1403 1061 1460 1154 qni

349 1195 478 1259 Solonis
501 1194 587 1278 leges
610 1196 771 1274 violasset,
795 1196 925 1274 dicitur,
953 1215 973 1258 a
993 1196 1087 1259 nullo
1107 1195 1191 1259 solvi
1210 1198 1378 1279 potuisset,
1398 1198 1460 1260 nisi

346 1323 473 1398 χρυσοῦς
508 1320 631 1383 dictum
669 1341 736 1385 esse
767 1341 829 1404 pro
859 1319 1014 1401 ἐπίχρυσος
1044 1322 1220 1405 intelligas.
1250 1320 1356 1406 Hujus
1385 1344 1461 1410 usus

348 1446 499 1529 exempla
522 1447 678 1529 praebent
702 1447 896 1525 Herodotus,
920 1449 980 1529 qui
1002 1466 1083 1529 quas
1106 1447 1207 1520 κλίνας
1230 1446 1358 1528 χρυσέας
1383 1449 1463 1513 dieit

347 1571 408 1649 IX,
443 1572 494 1651 82,
528 1572 656 1635 easdem
682 1591 752 1656 cap.
777 1572 816 1634 80
841 1576 942 1644 κλίνας
965 1571 1137 1653 ἐπιχρύσους
1161 1574 1298 1652 dixerat,
1323 1579 1355 1638 et-
1377 1573 1462 1638 Pou-

348 1698 456 1760 sanias
486 1697 625 1761 oollatus
649 1718 725 1762 cum
749 1700 930 1764 Athenaeo.
959 1699 1055 1764 Paus.
1079 1700 1120 1779 X,
1147 1702 1197 1778 18,
1225 1702 1241 1764 7
1267 1701 1356 1764 enim
1380 1703 1463 1763 ima-

349 1824 471 1906 ginem,
505 1841 606 1906 quam
643 1821 780 1908 Gorgias
815 1824 962 1907 Apollini
998 1825 1156 1909 Delphico
1190 1826 1365 1911 dedicavit,
1400 1825 1462 1890 ε’πθ-

352 1969 458 2029 χρυσον
494 1955 597 2027 vocat,
625 1969 729 2031 quum
765 1949 887 2013 Athen.
919 1950 968 2013 XI
995 1971 1025 2035 p.
1059 1951 1156 2014 505d
1186 1951 1322 2015 eandem
1352 1955 1463 2031 χρυσήν

351 2073 503 2157 appellet.

393 2198 566 2264 Praeterea
590 2200 691 2264 verba
713 2198 865 2273 ἀναθήσειν
884 2201 913 2263 ἐν
934 2205 1067 2282 Δελφοῖς
1088 2201 1205 2264 vitiosa
1225 2220 1291 2265 esse
1310 2202 1464 2284 suspicor.

350 2325 467 2390 Graeci
490 2327 578 2389 enim
603 2345 730 2408 semper
754 2325 866 2391 dicunt
889 2324 1053 2391 ἀνατιθέναι
1076 2327 1114 2400 ἐς,
1140 2347 1206 2391 non
1226 2327 1266 2405 ἕν,
1290 2330 1329 2392 ef.
1343 2329 1463 2393 Herod.

350 2451 391 2530 Π,
417 2453 478 2515 135
502 2456 587 2515 τοῦτο
609 2451 815 2515 ἀναθεῖναι
839 2453 876 2523 ἐς
896 2452 1075 2534 Δελφοὺς
1095 2451 1405 2531 ρανήροθσννονὲυυτής,
1419 2456 1463 2519 ib.

353 2580 415 2642 182
439 2575 600 2652 ἀνὲθκκε
622 2576 653 2641 δὲ
671 2575 723 2641 καὶ
739 2577 923 2656 ἀναθήματα
940 2579 952 2643 o‘
970 2575 1107 2657 ’Άροασις
1126 2581 1165 2653 ἐς
1192 2579 1258 2653 τήν
1275 2579 1463 2654 Ἑλλάδα,

351 2705 436 2769 Plat.
467 2703 563 2787 Legg.
595 2701 670 2782 XII,
696 2707 789 2769 9430
811 2708 910 2768 τοῦτον
934 2702 964 2769 δὲ
987 2705 1042 2778 εἰς
1065 2706 1113 2769 τά
1137 2710 1192 2769 τῶν
1212 2710 1376 2783 πολεμικῶν
1399 2708 1465 2770 θεῶν

351 2827 432 2909 ἱερά
459 2867 501 2876 -
532 2830 752 2903 ἀναθεῖναι,
786 2833 943 2896 Dinarch.
967 2833 993 2912 I,
1018 2833 1060 2896 43
1083 2831 1135 2905 τήν
1159 2833 1212 2905 εἷς
1235 2831 1301 2905 τήν
1323 2832 1465 2914 ἀχοράν

352 2953 696 3033 ἀνατεθήσομένκν
727 2954 829 3020 εἰκόνα.
864 2956 1104 3041 corrigendum
1129 2960 1233 3041 igitur
1254 2958 1405 3033 ἀναθήσειν
1427 2959 1466 3033 εἷς

355 3079 501 3161 Δελφούς.

396 3331 476 3416 Cap.
512 3333 636 3412 XXVI,
674 3335 702 3399 1.
732 3337 840 3413 πρῶτον
872 3333 927 3410 μὲν
954 3326 1000 3397 οὖν
1032 3333 1070 3406 εἰς
1094 3329 1245 3410 Αἴγυπτον
1268 3332 1393 3415 ἀφίκετο
1416 3331 1467 3396 καὶ

353 3455 502 3537 διέτριψεν,
535 3458 571 3529 ἀς
602 3456 653 3521 καὶ
685 3458 814 3539 πρότερον
845 3459 933 3531 αὐτός
961 3462 1044 3539 Φήσι.
1070 3459 1140 3522 Nisi
1167 3460 1303 3523 verbum
1328 3457 1467 3539 πρότερον,

352 3585 387 3648 in
412 3603 476 3668 quo
500 3584 693 3667 explicando
718 3585 816 3648 multi
842 3585 906 3648 viri
928 3585 1016 3649 docti
1038 3585 1146 3649 oleum
1174 3589 1208 3648 et
1230 3603 1363 3667 operam
1385 3586 1468 3648 mihi

353 3706 527 3792 perdidisse
551 3708 713 3788 videntur,
737 3716 955 3792 expungatur,
977 3711 1025 3792 (eo
1047 3711 1137 3774 enim
1158 3711 1262 3774 deleto
1283 3712 1469 3774 totaoratio

356 3840 442 3897 recte
475 3834 631 3917 procedit)
663 3855 738 3897 cnm
769 3835 909 3918 Bergkio
945 3835 1048 3917 (Po‘e‘t.
1071 3837 1149 3917 Lyr.
1172 3835 1228 3898 Gr.
1251 3855 1282 3918 p.
1299 3835 1383 3922 ¹347)
1407 3840 1470 3898 sta·

355 3958 513 4022 tuendum
547 3957 619 4037 erit,
650 3979 780 4022 versum
806 3959 932 4024 Solonis
955 3981 1021 4024 non
1046 3960 1087 4024 ad
1112 3961 1194 4024 illud
1219 3966 1347 4043 tempus
1371 3963 1469 4043 perti-

355 4103 442 4161 nere,
466 4103 533 4166 quo
556 4084 752 4148 Plutarchus
773 4087 928 4150 Solonem
951 4086 1139 4169 Aegyptum
1162 4085 1280 4150 adiisse
1299 4087 1392 4164 dicat,
1405 4089 1426 4149 i.
1441 4107 1470 4151 e.

355 4209 525 4291 republica
558 4209 807 4274 Atheniensium
839 4211 967 4293 legibus
999 4211 1140 4289 firmata,
1173 4211 1227 4274 sed
1260 4213 1468 4276 referendum

356 4335 396 4398 ad
431 4335 581 4418 elegiam,
612 4354 711 4419 quam
748 4344 826 4400 ante
857 4337 941 4399 illud
972 4336 1035 4399 iter
1066 4339 1295 4420 conrposuerit.
1320 4337 1469 4401 Fortasse
