3360 5228
849 552 890 614 32

279 755 416 847 ¹quarii
447 764 534 848 apud
565 764 673 828 Sohol.
704 765 852 828 Platonis
882 764 923 827 ad
953 765 1139 846 Euthyphr.
1176 783 1250 847 pag.
1276 766 1294 825 3
1321 762 1427 844 iord-²

313 912 419 970 μοροι
453 886 515 953 ἐπεὶ
552 889 591 970 τῷ
625 887 697 969 lara
732 887 809 970 με’ρει
844 893 900 952 τῶν
934 893 1049 971 κοορπῶν
1085 887 1248 970 εἱρνοὺζοντο
1279 889 1332 962 τὴν
1362 896 1427 967 γῆν.

313 1016 462 1079 Eundem
498 1035 597 1099 quem
630 1017 829 1080 Plutarchus
861 1035 1000 1079 errorem
1035 1017 1158 1079 erravit·
1190 1015 1373 1097 Hesychius
1398 1037 1429 1080 v.

312 1138 503 1220 Ἐπίμορτοςε
526 1177 569 1187 -
593 1139 801 1221 ἑκτήμοροι
824 1140 847 1204 οἱ
869 1141 902 1204 τὸ
926 1137 1007 1205 ἕκτον
1029 1145 1188 1212 τελοῦντες.
1210 1139 1284 1206 Non
1306 1142 1362 1205 diu
1383 1141 1428 1204 sir
1458 1143 1460 1150 “

312 1286 471 1353 pauperes
494 1265 719 1332 mansissent.''
742 1268 793 1332 Ita
817 1269 857 1336 V.
876 1266 927 1333 Cl.
948 1267 1103 1344 Cobetus,
1124 1270 1247 1334 Mnem.
1260 1267 1344 1332 Nov.
1358 1269 1429 1333 Ser.

313 1393 386 1458 Vol.
410 1394 467 1473 VI,
490 1414 522 1478 p.
549 1395 622 1472 133,
646 1395 700 1458 oui
731 1398 818 1458 totus
841 1395 1010 1472 assentior,
1033 1394 1119 1477 quod
1139 1395 1258 1458 attinet
1278 1395 1319 1457 ad
1343 1413 1428 1459 erro·

312 1540 381 1584 rem
406 1520 551 1584 librariis
574 1517 788 1604 imputatum,
812 1522 867 1584 sed
888 1520 964 1585 nolo
984 1541 1059 1585 cum
1081 1541 1118 1584 eo
1139 1521 1280 1584 alterum
1306 1520 1426 1583 vitium

313 1645 491 1709 Plutarcho
520 1645 674 1724 tribuere,
697 1647 786 1729 quod
811 1665 864 1710 me
884 1647 995 1729 judice
1017 1648 1060 1713 ab
1083 1647 1200 1710 iisdem
1226 1644 1370 1711 librariis
1393 1646 1428 1708 in

313 1777 461 1835 nostrum
496 1771 603 1834 locum
636 1772 805 1835 invectum
839 1772 904 1835 levi
937 1772 1124 1836 mutatione
1155 1771 1227 1835 tolli
1252 1778 1368 1854 potest.
1395 1770 1428 1833 Si

313 1897 510 1961 Plutarchus
544 1898 651 1962 dicere
684 1898 837 1962 voluisset
868 1917 1028 1981 pauperes
1058 1899 1207 1981 quinque
1235 1903 1343 1980 partes
1366 1898 1428 1961 sibi

313 2023 486 2087 retinuisse
522 2030 553 2087 ct
583 2029 709 2086 sextam
743 2028 872 2086 tantum
902 2029 1031 2106 partem
1063 2023 1205 2086 dominis
1227 2023 1427 2107 pependisse,

314 2169 379 2213 non
412 2169 490 2212 usus
524 2155 606 2212 esset
635 2149 735 2214 verbo
766 2145 849 2220 ἕκτοι,
881 2150 935 2213 sed
965 2147 997 2212 τὺ
1022 2145 1104 2212 ἕκτον
1128 2148 1235 2212 dicere
1260 2149 1429 2226 debuerat,

311 2276 591 2359 quemadmodum
626 2274 809 2358 Hesychius
842 2277 987 2341 loeutus
1008 2282 1066 2339 est.
1102 2275 1216 2359 Neque
1239 2277 1419 2340 articulum

313 2404 425 2467 abesse
454 2402 533 2467 licet
563 2410 596 2466 et
626 2403 763 2485 pluralis
790 2421 949 2467 numerus
979 2401 1113 2466 vitiosus
1137 2409 1194 2467 est.
1218 2403 1294 2466 Una
1316 2407 1427 2466 autem

311 2528 410 2593 litera
451 2529 590 2610 repetita
622 2529 799 2594 Plutarcho
835 2548 928 2592 suum
965 2528 1141 2592 reddidisse
1177 2530 1259 2592 mihi
1296 2529 1429 2592 videor:

313 2653 469 2733 ἐγεώργουν
487 2652 598 2725 ε’κείνοις
618 2650 640 2716 ε’
660 2650 742 2727 ἕκτοι,
763 2655 785 2719 i.
799 2675 826 2719 e.
847 2652 933 2717 πέντε
944 2650 1017 2717 ἕκτοι
1031 2657 1086 2716 τῶν
1099 2652 1254 2732 γινομένων
1267 2642 1426 2724 τελοῦντες.

313 2781 386 2844 Scio
409 2780 561 2863 equidem
582 2778 815 2863 elegantiorem
838 2781 872 2842 in
896 2780 1028 2844 modum
1043 2780 1303 2844 Graecosdioere
1317 2782 1429 2846 solitos

314 2904 353 2969 τοὶ
376 2904 462 2969 πέντε
485 2903 566 2986 με’ρν,
589 2907 677 2988 quod
700 2906 863 2988 significat
885 2906 941 2967 τῶν
964 2899 997 2977 ἓξ
1020 2907 1110 2984 μερῦν
1130 2903 1170 2968 τοὶ
1189 2903 1277 2969 πέντε
1295 2913 1355 2970 aul·
1374 2910 1430 2970 τῶν

313 3027 347 3105 ἓξ
366 3029 407 3094 τοὶ
429 3029 516 3095 πέντε
537 3029 619 3111 με’ρν,
643 3031 728 3094 atsi
753 3031 784 3094 τὸ
807 3025 896 3102 ἕκτον,
924 3036 959 3094 ut
982 3030 1068 3114 apud
1093 3031 1311 3112 Hesychium,
1341 3037 1429 3096 recte

313 3177 346 3221 se
370 3157 477 3236 habet,
501 3157 588 3240 qnod
613 3176 710 3220 nemo
735 3157 873 3230 dubitat,
898 3158 1011 3221 eodem
1037 3157 1133 3220 modo
1153 3157 1217 3221 dici
1238 3177 1331 3240 posse
1349 3158 1431 3222 exis-

314 3285 395 3348 timo
426 3281 474 3346 δὺο
504 3280 586 3353 ἕκτοι,
610 3281 674 3363 τρίοι
696 3279 769 3346 ἕκτοι
792 3290 892 3366 atque
915 3284 963 3346 ita
986 3283 1147 3366 deinceps.
1172 3281 1268 3363 Quod
1295 3285 1322 3346 si
1348 3303 1429 3348 vere

314 3412 516 3494 disputatum
541 3415 598 3489 est,
621 3410 820 3472 Plutarchus
839 3429 927 3472 nrrno
947 3409 1038 3472 omni
1058 3409 1154 3492 culpa
1167 3409 1326 3473 liberatus
1341 3409 1428 3474 idem

314 3537 402 3620 quod
422 3536 617 3601 Soholiastes
639 3536 788 3601 Platonis
811 3534 920 3599 tradit.

359 3785 409 3853 Ib.
434 3790 485 3854 22.
508 3785 574 3858 τοὺς
597 3783 796 3867 ὑπερημέρους.
821 3777 1091 3868 ῦριιίἀείςηίὑοει
1113 3783 1313 3848 vocabulum
1328 3780 1431 3863 ὑπερή-

316 3938 400 3996 μερος
431 3915 669 3999 Harpocration
701 3915 748 3977 ita
780 3913 915 3996 exponit
941 3931 971 3976 v.
998 3908 1174 3990 ὑπερήμερον·
1197 3908 1221 3972 οἱ
1244 3907 1324 3981 iluna
1347 3905 1431 3989 ὑφεί-

315 4055 414 4114 λοντες
444 4040 599 4113 ὁποιονοῦν,
629 4037 681 4103 aad
706 4038 746 4103 τὺι
768 4037 902 4115 ε’πιτι’μιοι
925 4043 987 4110 τοῖς
1010 4037 1103 4101 ἑλοῦσι
1128 4034 1170 4108 μὴ
1193 4035 1380 4124 ἀποδιδόντες
1403 4034 1431 4097 ἕν

315 4175 385 4240 τοῖς
412 4173 540 4239 τοικτοιῖς
569 4163 753 4247 προθεομίοιις
783 4163 950 4244 ὑπερήμεροι
980 4164 1134 4227 εἰιοιλοῦντο
1167 4160 1218 4226 sai
1243 4162 1275 4226 τὸ
1302 4165 1433 4243 πρῦρμοι

317 4292 500 4375 ὑπερνμερίοι,
536 4294 622 4357 uude
656 4294 692 4356 in
728 4293 842 4357 lexicis
873 4293 1075 4375 explicatum
1109 4297 1170 4356 est:
1201 4293 1226 4354 ii
1257 4291 1317 4374 qui
1341 4291 1434 4354 intra
