3360 5228
867 569 905 632 50

322 784 507 866 stlrontem
541 783 558 868 b
593 784 651 846 21:
686 779 776 846 πιὲλιν
808 779 959 846 ὑπεύθυνον
992 783 1043 846 οὐκ
1076 783 1111 865 ἐᾷ
1141 819 1184 832 -
1212 782 1356 848 διωθὲωθωι
1395 783 1435 849 τοὶ

324 907 436 972 ἐοινποῦ.

369 1156 418 1221 Ib.
443 1159 495 1220 29.
518 1155 647 1236 οὶμνχόις
670 1156 701 1221 δὲ
723 1155 906 1236 κοπτομένων
928 1155 980 1221 nul
999 1158 1032 1222 τὸ
1052 1159 1153 1239 θρηνεῖν
1173 1157 1365 1236 πεποιημένω,
1385 1157 1437 1222 κιιὶ

323 1280 356 1344 τὸ
387 1279 502 1344 κωκύειν
531 1279 621 1346 ἄλλον
651 1282 680 1345 ἐν
713 1287 832 1363 rosbais
855 1281 953 1364 ἐπέρων
974 1283 1108 1364 ἀφεῖλεν.
1134 1285 1222 1349 Haec
1247 1286 1311 1362 lex,
1335 1305 1435 1368 quam

324 1407 475 1470 Solonem
507 1408 698 1490 Epimenidi
721 1409 837 1473 debere
860 1415 973 1474 auctor
998 1416 1107 1474 noster
1130 1411 1164 1472 iu
1189 1411 1295 1493 capite
1318 1412 1437 1475 duode-

298 1561 300 1570 ι
325 1535 410 1597 cimo
435 1539 580 1612 test-atur,
605 1542 715 1618 postea
736 1537 773 1598 in
797 1537 883 1620 leges
897 1536 963 1599 XII
985 1536 1175 1600 tabularum
1199 1535 1359 1600 translate
1379 1542 1436 1616 est,

325 1661 410 1740 quod
441 1660 586 1724 declarat
618 1659 740 1742 (linero¹
764 1662 803 1726 de
833 1662 929 1745 Legg.
953 1661 987 1724 II
1012 1661 1028 1745 b
1053 1663 1108 1724 64:
1143 1668 1294 1744 „postea
1320 1681 1436 1745 quum,

325 1791 362 1848 ut
396 1786 511 1849 scribit
542 1784 730 1864 Phalereus,
761 1774 954 1871 sumptuosa
986 1789 1055 1852 fieri
1082 1789 1199 1852 funera
1222 1794 1256 1852 et
1278 1789 1437 1853 lamenta-

324 1909 407 1975 bilia
435 1911 625 1994 coepissent,
657 1911 785 1974 Solonis
816 1912 887 1994 lega
917 1912 1048 1975 sublata
1078 1918 1165 1975 sunt.
1197 1911 1306 1993 Quam
1331 1914 1437 1996 legem

324 2035 438 2100 iisdem
465 2056 565 2119 prope
589 2037 697 2100 verbis
719 2038 821 2100 nostri
845 2038 1024 2102 decemviri
1045 2039 1078 2101 iu
1101 2039 1263 2102 decimam
1288 2039 1434 2102 tabulam

326 2164 546 2246 conjecerunt.
577 2162 661 2225 Nam
694 2164 734 2228 de
758 2163 864 2226 tribus
886 2163 1012 2228 ricinils
1036 2169 1067 2226 et
1086 2163 1243 2246 pleraque
1266 2163 1326 2226 illa
1351 2164 1438 2227 Solo·

326 2289 376 2352 nis
395 2293 482 2352 sunt.
506 2289 553 2350 De
577 2289 732 2352 lamentis
755 2308 833 2354 vero
857 2309 1007 2372 expressa
1031 2289 1139 2354 verbis
1162 2294 1257 2353 sunt:
1282 2290 1435 2352 mulieres

322 2433 421 2496 genas
455 2433 497 2477 nc
530 2414 683 2492 radunto,
718 2434 803 2478 neve
837 2397 955 2478 lessum
992 2415 1116 2478 funeris
1154 2434 1230 2498 crgo
1264 2411 1438 2478 habentu.’'

324 2540 492 2622 Lycurgus
515 2542 586 2622 jam
615 2544 693 2604 ante
717 2540 868 2605 Solonem
886 2541 1009 2604 ¹funcra
1029 2546 1116 2604 certo
1139 2545 1285 2623 tempore
1309 2541 1437 2605 definie-

324 2668 384 2741 rat,
409 2683 513 2746 quum
539 2666 690 2730 undecim
715 2666 783 2729 dies
805 2671 976 2757 mortuum
996 2666 1107 2748 lugere
1127 2667 1341 2749 permitteret,
1361 2667 1439 2730 duo·

323 2791 449 2855 decimo
485 2791 537 2854 dic
571 2792 753 2856 sacrificare
784 2789 897 2856 Cereri
928 2791 1099 2874 luctuiqne
1131 2792 1230 2854 finem
1266 2793 1437 2874 imponere

320 2918 461 2999 juberet.

367 3042 407 3104 In
442 3043 550 3107 verbis
579 3041 611 3106 πὸ
641 3039 757 3106 κωκύειν
785 3038 876 3106 ἄλλον
907 3042 936 3106 ε’ν
967 3048 1085 3124 ποιφοιῖς
1116 3041 1214 3123 ἑτέρων
1237 3045 1349 3127 inepte
1373 3065 1438 3109 vox

324 3165 414 3232 ἄλλον
445 3168 615 3232 abundare
646 3170 777 3233 videtur
805 3170 975 3252 multoque
1001 3170 1121 3234 melius
1146 3170 1340 3234 adverbium
1366 3171 1437 3235 loco

325 3295 607 3358 accommodatum
633 3314 699 3358 esse
722 3301 814 3377 puto.
839 3293 985 3378 Conjieio
1008 3315 1066 3379 pro
1087 3303 1238 3359 ΑΛΛΟΝ
1261 3297 1435 3378 legendum

326 3439 392 3483 esse
416 3426 519 3482 ΛΙΑΝ
544 3425 602 3482 aut
621 3425 744 3482 AFAN.
767 3419 817 3481 Ni
828 3420 953 3483 mium
977 3420 1138 3503 ejulatum
1152 3420 1188 3483 in
1202 3420 1315 3484 funere
1327 3419 1437 3484 alieno

326 3545 468 3609 sustulit.

370 3789 448 3874 Cap.
480 3789 586 3871 XXII,
617 3793 668 3859 10.
690 3791 834 3856 εἱλωτικοῦ
857 3791 992 3867 πλήθους,
1016 3790 1029 3856 ὃ
1052 3790 1206 3871 βέλτιστον
1229 3787 1262 3869 ἦν
1286 3792 1329 3873 μὴ
1360 3816 1437 3875 σχο-

325 3912 424 3996 λοὲζειν
447 3953 490 3963 -
514 3914 739 3997 περικεχυμένον
761 3925 797 3998 τῇ
821 3918 1028 3996 onustatum.
1052 3921 1116 3985 Pro
1138 3917 1291 3997 βέλτιστον
1316 3921 1433 3984 malim

326 4039 580 4123 legeresse'acuv,
605 4044 692 4125 quod
715 4045 756 4106 Η.
781 4041 965 4127 Stephanus
990 4065 1007 4109 c
1031 4047 1229 4128 quibusdam
1253 4047 1345 4111 libris
1368 4067 1439 4130 pro·

328 4167 406 4230 tulit
435 4176 468 4232 et
490 4188 510 4231 a
535 4169 703 4232 nonnullis
725 4171 962 4235 recentioribus
986 4170 1165 4236 editoribus
1189 4177 1352 4255 receptum
1379 4178 1437 4236 est.

327 4289 633 4375 Comparativorum
665 4296 1002 4379 et·superlativorum
1035 4283 1157 4361 temere
1185 4298 1342 4362 ascribis
1366 4317 1439 4361 cou-
