3360 5228
770 593 810 653 49

232 801 320 864 κῶν.”
343 802 543 866 Schaelerus.
565 801 754 865 Admodum
777 801 858 864 dura
883 802 997 879 oratio,
1017 821 1103 884 quae
1123 822 1182 866 nos
1200 810 1295 886 cogat
1309 809 1346 866 ut

234 949 275 992 ex
297 929 503 992 substantivo
527 927 628 990 simul
653 928 790 991 verbnm
813 947 880 991 non
902 947 1091 1010 expressum
1110 929 1349 1012 intelligamus.

233 1054 449 1118 Plutarchum
477 1056 544 1115 tam
570 1052 776 1135 negligenter
797 1057 898 1134 atque
921 1052 1057 1118 obscure
1074 1054 1221 1117 locutum
1244 1074 1352 1119 essea

236 1197 288 1242 me
311 1179 489 1260 impetrare
513 1198 580 1241 nou
604 1197 736 1260 possum
762 1181 798 1240 ut
822 1196 985 1242 censeam.
1009 1178 1224 1244 Inserendum
1249 1181 1352 1263 igitur

236 1323 268 1367 v.
292 1300 436 1367 διαθέσθαι
460 1309 519 1366 aut
542 1311 615 1385 post
638 1300 695 1382 ρθρ
719 1306 776 1365 aut
800 1308 872 1384 post
892 1298 958 1376 ἐξῆν
977 1323 1169 1387 persuasum
1190 1305 1274 1367 mihi
1294 1311 1352 1369 est.
1421 1293 1422 1298 ἵ

281 1552 330 1616 Ib.
368 1552 419 1616 14.
454 1551 468 1614 ό
499 1549 525 1614 δ’
556 1543 577 1630 ᾧ
608 1549 751 1628 βούλεταί
779 1575 823 1623 τις
853 1550 1022 1633 ἐπιτρέψας,
1049 1531 1078 1615 ἐἰ
1100 1552 1144 1629 μδ
1167 1551 1279 1626 παῖδες
1302 1547 1355 1617 εἶεν

238 1675 328 1756 αὐτῷ,
357 1674 452 1740 δοῦναι
474 1675 514 1739 τόν
536 1676 639 1741 ἑαυτοῦ
662 1714 707 1724 -
729 1677 760 1740 σύ
784 1676 843 1754 μὴν
866 1677 970 1751 ιὶνὲδκν
994 1702 1031 1756 γε
1054 1676 1144 1742 πόλιν
1167 1679 1226 1743 οὐδ’
1251 1679 1354 1753 alnaria

237 1798 293 1873 τόις
323 1798 414 1873 δόσεις
443 1802 560 1882 ἐφῆκεν,
584 1801 656 1864 aaa'
680 1801 704 1864 sl
727 1800 770 1878 μὴ
792 1799 879 1865 νόσων
901 1799 994 1866 ’ἕνεκεν
1017 1799 1033 1876 ἢ
1057 1801 1224 1884 φαρμόκων
1247 1802 1263 1878 ἢ
1288 1803 1355 1868 δεσ·

239 1929 302 2002 μῶν
324 1924 340 1999 ἢ
365 1924 483 2006 troya
508 1925 707 2006 κατασχεθεὶς
726 1924 743 2000 ἢ
765 1928 879 2005 γυναικὶ
900 1927 1049 2006 πιθόμενος
1063 1929 1115 2012 (ex
1127 1932 1356 1996 emendatione

240 2053 280 2116 V.
303 2050 353 2116 (ll.
383 2051 522 2136 (lobeti).
546 2052 621 2135 Ipsa
643 2053 698 2117 lex
720 2053 883 2136 descripta
907 2061 954 2119 est
978 2056 1063 2137 apud
1089 2057 1355 2134 Demosthenem,

239 2178 319 2242 κατόν
352 2178 510 2260 Σπεφόναω
545 2181 580 2244 Β.
614 2200 645 2262 p.
680 2179 764 2243 1133
795 2181 812 2264 d
844 2181 902 2243 lt:
933 2177 990 2243 όσαι
1013 2179 1056 2258 μὴ
1081 2180 1257 2255 ε’πεπσίκντν,
1283 2179 1357 2246 όστε

241 2303 318 2382 μήτε
340 2308 472 2369 ἀπειπεῖν
495 2305 573 2382 μήτε
595 2301 817 2369 ἐπιδικάσασθαι
830 2303 866 2390 1)‚
890 2301 937 2368 ότε
958 2302 1058 2369 Σόλων
1078 2305 1163 2388 εἰσῄει
1182 2306 1235 2379 τὴν
1247 2305 1354 2388 όρχόν,

241 2435 281 2493 τόν
303 2429 404 2494 ἑαυτοῦ
427 2428 571 2494 διαθέσθαι
594 2423 673 2501 εἶναι,
693 2427 769 2503 όπως
788 2429 824 2493 όσν
843 2429 934 2511 ε’θθλρ,
956 2429 992 2494 όιν
1004 2429 1047 2508 μὴ
1060 2430 1170 2503 παῖδες
1184 2425 1233 2495 ὦσι
1246 2431 1355 2509 γνήσιαι

241 2551 360 2636 όνῤῥενες,
393 2551 429 2618 όσν
458 2554 501 2633 μὴ
531 2560 640 2632 μανιῶν
670 2553 687 2628 ἢ
718 2553 811 2636 γήρως
833 2553 850 2629 ἢ
874 2553 1080 2637 φαρμάκωνῆ
1110 2554 1190 2621 νόσων
1213 2555 1315 2631 ἕνεκεν,
1339 2557 1355 2632 ἢ

241 2679 358 2757 γυναικὶ
387 2679 536 2760 πιθόμενος
563 2682 632 2767 (pro
657 2680 853 2768 πειθόμενος),
877 2683 931 2747 ὑπὸ
955 2681 1061 2747 τσθπων
1083 2707 1133 2747 των
1158 2687 1316 2764 παρανοῶν,
1340 2682 1356 2757 ἢ

242 2805 292 2868 ὑπ’
321 2803 456 2885 σὶνόγκκς
484 2805 501 2881 ἢ
526 2806 580 2870 ὑπό
603 2806 712 2884 δεσμοῦ
735 2807 948 2888 καταληφθείς.
974 2809 1123 2893 Apparet
1147 2829 1165 2872 e
1188 2829 1358 2892 compara·

242 2933 330 2998 tione
362 2934 578 2998 Plutarchum
615 2953 682 2998 non
718 2953 832 3000 omnes
863 2935 944 3018 legis
974 2940 1083 3016 partes
1114 2954 1220 3017 neque
1244 2937 1357 2999 eodem

242 3059 357 3123 ordine
379 3060 505 3124 citasse.
526 3060 676 3125 Eandem
696 3061 801 3144 legem
819 3062 1000 3145 respiciunt
1012 3062 1210 3125 Plutarchus
1223 3059 1357 3140 Quaest.

244 3185 340 3249 Rom.
366 3187 400 3251 7:
424 3183 521 3250 Σόλων
543 3183 666 3266 γρόψας
688 3185 744 3258 τόις
768 3183 822 3264 μὲν
845 3183 937 3259 δόσεις
963 3185 1060 3266 κυρίας
1085 3179 1156 3251 εἶναι
1180 3188 1236 3249 τῶν
1260 3200 1359 3249 τελευ-

242 3311 364 3382 τώντων,
389 3311 466 3384 πλὴν
490 3311 513 3375 εἰ
536 3311 578 3389 μή
602 3335 647 3385 τις
668 3309 999 3393 σόνιόγκρσννεχόμενσθ
1017 3309 1034 3384 ’ό
1054 3309 1173 3390 γυναικὶ
1194 3309 1356 3390 πιθόμενος,

244 3446 277 3503 et
306 3440 538 3503 Demosthenes
568 3437 635 3519 πρός
664 3436 812 3511 Λεπτίνην
839 3459 870 3521 p.
905 3439 968 3500 488
994 3437 1011 3522 t
1036 3438 1116 3501 loa:
1140 3436 1164 3500 εἰ
1186 3435 1243 3517 γὰρ
1267 3435 1281 3500 ό
1306 3437 1360 3515 μὲν

245 3563 344 3629 Σόλων
373 3561 455 3638 ἔθηκε
484 3561 569 3643 νόμον
592 3559 697 3638 ἐξεῖναι
720 3562 817 3627 δοῦναι
840 3561 880 3626 τόι
903 3563 1007 3626 ἑαυτοῦ
1030 3554 1051 3642 ᾧ
1075 3559 1112 3624 όν
1138 3585 1182 3634 τις
1206 3559 1360 3640 βούληται,

245 3689 296 3755 ε’όιν
318 3689 361 3768 μδ
385 3690 495 3764 παῖδες
518 3684 568 3753 ὦσι
591 3687 708 3768 γιθσισι.
730 3691 848 3754 Postea
870 3692 981 3752 autem
1003 3692 1236 3752 testamentum
1254 3688 1360 3753 facere

246 3838 289 3882 ne
308 3819 338 3881 ei
357 3818 489 3900 quidem
508 3817 705 3901 permissum
727 3820 807 3894 erat,
827 3815 885 3897 qui
907 3815 1052 3879 muueris
1070 3813 1196 3898 publici
1216 3814 1360 3878 rationes

247 3945 394 4010 nondum
424 3944 625 4022 reddidisset,
655 3942 744 4026 quod
767 3942 925 4006 discimus
949 3960 995 4005 ex
1011 3938 1128 4004 Aesch.
1154 3946 1269 4005 contra
1292 3935 1363 4004 cre-

249 4135 395 4146 anenno—un-

283 4252 301 4313 ι)
319 4248 387 4314 Quid
408 4246 487 4304 verba
513 4247 562 4300 θσσι
589 4276 620 4286 -
642 4245 823 4300 tellicio-arla
851 4245 902 4301 sibi
919 4244 1011 4308 velint,
1032 4261 1073 4300 rna
1094 4261 1145 4300 non
1169 4243 1246 4314 plane
1265 4243 1366 4298 intelli-

248 4355 310 4408 gere
327 4326 418 4394 latdor.

1220 4429 1234 4470 4
