3360 5228
799 561 839 622 29

264 772 344 833 mihi
382 767 521 835 iidetus.
552 771 668 835 Adhuc
699 771 759 834 sub
785 770 895 854 judioe
925 770 966 833 lis
997 774 1054 848 est,
1085 789 1191 852 neque
1217 789 1374 854 umquam

262 915 335 958 eam
360 897 514 979 componi
538 916 626 980 posse
648 914 840 978 persuasum
868 894 951 957 mihi
977 895 1091 958 habeo.
1112 895 1149 958 Id
1171 900 1300 958 tantum
1321 901 1384 958 sta·

264 1023 422 1085 tuendum
457 1041 524 1085 esse
553 1041 677 1112 censeo,
710 1020 938 1102 Thucydidem
970 1021 1004 1082 in
1040 1021 1127 1084 hisee
1151 1021 1256 1084 alium
1281 1027 1381 1102 atque

264 1146 467 1211 Herodotum
501 1152 650 1210 seontnm
689 1165 756 1210 esse
792 1151 972 1223 auctorem,
1006 1151 1104 1228 atque
1131 1147 1209 1209 inde
1240 1146 1385 1209 diversas

264 1278 358 1335 natas
381 1291 448 1336 esse
472 1273 677 1337 sententias..

308 1524 357 1588 Ib.
396 1525 452 1590 27.4
482 1523 677 1602 Ἐπιμενίδης
707 1521 720 1586 ὁ
753 1521 898 1595 Φοιίσπιος.
933 1524 1022 1587 Haeo
1053 1525 1163 1601 verba,
1195 1529 1233 1586 ut
1257 1524 1384 1607 opinor,

264 1647 348 1711 nihil
380 1648 472 1712 aliud
495 1649 679 1732 significare
704 1656 840 1733 possunt
864 1669 964 1733 quam
990 1650 1213 1732 Epimenides,
1238 1670 1278 1714 ex
1304 1651 1386 1714 urbs

265 1776 404 1840 Phaesto
418 1772 442 1858 ¹)
453 1801 462 1852 3
486 1776 647 1839 Phaestns
670 1783 782 1840 antem
804 1783 851 1840 est
870 1777 1026 1860 oppidum
1046 1777 1081 1839 in
1103 1796 1160 1839 ora
1173 1777 1383 1841 meridionali

264 1901 394 1967 insulae
417 1900 534 1966 Cretae
558 1904 672 1966 situm.
696 1903 835 1965 Exstant
860 1922 938 1966 vero
963 1903 1027 1965 tria
1049 1900 1116 1964 alia
1141 1903 1341 1982 testimonia,
1366 1923 1384 1967 e

265 2028 386 2110 quibus
420 2034 555 2111 apparet
585 2029 817 2112 Epimenidem
852 2049 917 2092 nou
949 2029 1093 2106 Phaonti,
1125 2029 1179 2092 sed
1203 2029 1316 2108 Gnosi,
1342 2031 1379 2092 in

265 2153 346 2217 urbe
382 2154 529 2216 maxima
562 2152 690 2232 Cretae,
722 2159 841 2218 natum
874 2172 951 2218 esse.
984 2152 1077 2237 Diog.
1112 2153 1219 2220 Ladrt.
1251 2155 1276 2232 Ι,
1303 2155 1384 2218 109:

263 2278 468 2356 Ἐπιμενίδης,
492 2277 570 2343 κοιύοί
593 2283 667 2360 Φησι
690 2277 869 2356 Θεόπομπος
892 2275 944 2342 nni
964 2275 1049 2343 ἄλλοι
1069 2275 1184 2357 συχνοί,
1207 2278 1317 2359 ποιπρδς
1331 2277 1386 2356 μὲν

265 2399 297 2479 ἦν
328 2404 475 2478 Φαιστίου,
507 2405 530 2469 οἱ
560 2406 590 2470 δὲ
623 2402 782 2478 Δοσιοίδον,
808 2403 831 2468 οἱ
854 2402 885 2469 δὲ
910 2401 1105 2485 Ἀγησοίρκον,
1131 2402 1205 2485 Κρὴς
1231 2405 1263 2468 πὸ
1288 2403 1381 2482 γένος,

228 2517 236 2533 ’
265 2531 323 2596 οίπὸ
348 2535 489 2596 Κνωσσοῦ.
515 2534 611 2596 Pans.
637 2529 664 2611 I,
691 2534 742 2610 lo,
764 2534 800 2595 4:
821 2530 1016 2609 Ἐπιμενίδης
1035 2531 1158 2603 Κνώσιος
1178 2569 1220 2580 —-
1234 2537 1338 2605 Θοιίιης
1354 2531 1385 2596 δὲ

266 2656 279 2719 o‘
312 2656 543 2736 ΙΛοικεδοιιμύνιος
577 2657 630 2730 την
664 2656 742 2723 νίσον
777 2655 896 2729 ποιύσοις
929 2654 993 2722 ούπε
1022 2655 1122 2729 ἄλλοις
1152 2655 1302 2739 προσήκων
1323 2655 1388 2721 οὔτε

267 2782 377 2857 πόλεως
410 2779 442 2859 ἦν
472 2785 650 2866 Ἐπιμενίδη
680 2791 733 2859 τῆς
764 2786 867 2858 οιύπῆς·
890 2783 962 2849 ἀλλ’
987 2781 1000 2846 ὃ
1024 2782 1079 2861 μὲν
1103 2783 1234 2856 Κνώσιος,
1261 2791 1388 2858 Θοολῆποο

267 2907 297 2972 δὲ
318 2903 391 2974 εἷνοιί
411 2915 486 2990 <dnos
509 2909 652 2991 Γορτύνιον
675 2909 890 2988 Πολύμνηστος
916 2910 1095 2990 Κολοφώνιος
1119 2907 1173 2983 ἔπη
1195 2910 1385 2988 Λοικεδοιιμο-

268 3034 331 3108 νίοις
353 3035 383 3108 ἐς
404 3037 493 3100 οιύπὸν
517 3037 649 3110 ποιησοις.
675 3039 763 3101 Ptin.
786 3037 871 3101 Hist.
897 3037 973 3102 Nat.
996 3035 1068 3116 VII,
1094 3035 1153 3100 48:
1175 3037 1387 3121 „Theopom-

267 3183 327 3246 pus
360 3164 552 3246 Epimenidi
591 3163 713 3228 Gnosio
752 3161 869 3226 CLVII
900 3163 1015 3226 tribuit
1046 3162 1184 3228 annos.’'
1216 3162 1276 3225 His
1308 3163 1388 3227 loois

267 3289 481 3354 confirmatur
509 3289 744 3372 Epimenidem
775 3289 877 3354 Gnosi
903 3295 1020 3352 uatum
1046 3308 1123 3353 esse.
1147 3289 1323 3352 Praeterea
1349 3308 1389 3352 ex

268 3415 456 3478 testimonio
482 3415 647 3496 Diogenis,
672 3415 730 3500 qui
754 3434 814 3478 sua
837 3415 955 3478 sumsit
979 3434 999 3477 a
1022 3415 1245 3498 Theopompo,
1267 3415 1389 3498 gravis·

267 3541 351 3605 simo
377 3547 466 3619 teste,
490 3547 625 3624 apparet
648 3541 736 3624 patri
761 3543 831 3623 ejus
852 3559 972 3604 nomen
994 3539 1094 3604 fnisse
1113 3540 1275 3617 Phaestio,
1297 3540 1384 3604 unde

268 3685 411 3730 errorem
446 3666 616 3730 Plutarchi
654 3665 720 3748 (vel
755 3666 897 3744 librarii,
933 3666 1019 3749 qnod
1057 3666 1139 3729 mihi
1172 3665 1388 3729 verisimilius

267 3792 409 3876 videtur)
442 3793 488 3856 sio
520 3793 735 3856 correxerim:
759 3789 954 3882 Ἐπιμενίδης
978 3789 991 3853 ί
1017 3789 1162 3854 Φαιστίου.
1188 3791 1387 3854 Plutarchus

265 3917 411 4011 primum
433 3918 575 4000 patriam
598 3915 805 4000 Epimenidis
826 3918 995 3995 iudicavit,
1010 3910 1075 3990 ἧκεν
1087 3917 1119 3980 ἐκ
1132 3914 1253 3996 Κρίσης,
1267 3918 1388 3981 omisso

270 4110 416 4118 ——-—.

304 4223 323 4282 't
340 4221 461 4276 Reiskius
479 4221 575 4274 vertit:
594 4221 783 4290 „Epimenides
801 4221 959 4276 Phaestius”
978 4224 1005 4276 et
1023 4221 1152 4292 Xylander
1168 4223 1290 4276 annotat:
1313 4222 1391 4282 „erat

265 4313 354 4364 autem
372 4311 539 4381 Epimenides
559 4312 682 4379 Phaesto,
700 4313 794 4368 Cretae
810 4312 914 4382 oppido,
932 4312 1031 4366 ortus.'’
