3360 5228
846 499 886 559 52

311 717 340 792 9,
373 715 423 790 11,
456 713 507 789 14,
540 712 590 793 28,
619 730 764 793 quorum
793 711 940 774 iocorum
971 711 1175 792 penultimus
1205 730 1225 772 a
1255 711 1419 775 Muellero

308 838 553 920 praetermissus
577 842 635 900 est.

354 1100 403 1162 Ih.
423 1101 475 1162 41.
497 1096 692 1176 βλοὶοττοοσοοο
714 1097 792 1170 ἐνίοις
815 1098 949 1179 anodiam
969 1097 1084 1178 aaran.
1106 1100 1253 1163 Verbum
1268 1095 1419 1176 βλάπτειν

310 1243 472 1306 nusquam
505 1245 578 1288 cum
610 1225 734 1300 dativo,
764 1244 893 1306 semper
923 1230 955 1288 et
986 1223 1107 1307 ubique
1137 1244 1212 1287 cum
1237 1225 1422 1288 accusativo

309 1350 530 1432 conjungitur.
554 1350 727 1413 Manifesta
747 1349 849 1432 igitur
870 1369 953 1431 quae
975 1349 1027 1412 hic
1047 1349 1422 1432 reperiturconstructio

311 1477 427 1538 vitiosa
461 1481 519 1539 est.
555 1473 643 1555 Quia
677 1494 754 1538 vero
785 1494 843 1558 pro
875 1472 953 1545 ἐνίοις
984 1493 1091 1556 neque
1122 1472 1208 1544 ἐνίους
1231 1491 1340 1556 neque
1363 1469 1423 1534 ἔνιοι

310 1602 375 1684 legi
404 1607 518 1684 potest,
553 1602 708 1664 mendum
733 1602 769 1662 in
793 1602 966 1684 participio
990 1598 1186 1678 βλάπτουσαν
1211 1601 1312 1664 latere
1336 1601 1423 1663 vide·

311 1733 373 1803 tur,
402 1747 459 1810 pro
483 1747 549 1810 quo
578 1728 603 1789 si
628 1729 824 1810 adJcctivum
849 1722 1002 1806 βλοβεροὶο
1026 1727 1217 1803 restitueris,
1243 1726 1421 1790 Plutarcho

310 1873 405 1915 suum
431 1854 595 1916 redditum
620 1873 687 1916 esse
710 1873 835 1918 censeo.

355 2098 434 2183 Cap.
467 2101 592 2179 XXIV,
626 2102 676 2163 14.
706 2103 790 2164 τοῦτο
821 2099 852 2162 δὲ
884 2105 1001 2172 nortem
1023 2096 1119 2178 Φοιοὶν
1141 2097 1228 2162 τοῦτον
1252 2099 1311 2178 οὐχ
1334 2095 1422 2170 οὕτως

309 2224 513 2290 ἀπελαύνοντα
542 2225 608 2297 τοὺς
639 2223 747 2297 ἄλλους
776 2226 812 2297 ὡς
844 2223 1101 2303 percunctationem
1133 2221 1278 2304 Ἀθήναζε
1307 2221 1423 2297 τούτους

310 2375 336 2414 κ.
357 2376 384 2415 τ.
404 2366 431 2415 t.
464 2353 563 2416 Haud
590 2353 655 2416 scio
685 2371 727 2415 an
753 2354 871 2415 rectius
894 2352 1057 2415 scribatur
1080 2349 1247 2421 οὶτελῶοτο,
1272 2352 1421 2414 futurum

310 2484 367 2547 pro
398 2465 570 2547 praesenti,
600 2465 880 2547 quemadmodum
907 2465 1006 2528 etiam
1034 2460 1292 2540 μετοκοολούμενον
1315 2483 1424 2546 accep·

310 2597 380 2652 tum
415 2590 541 2654 malim.
575 2592 694 2654 Sensus
726 2592 814 2654 enim
849 2591 910 2654 toci
942 2597 1007 2654 est:
1033 2591 1131 2654 Solon
1160 2591 1230 2674 lege
1254 2592 1362 2654 sanxit
1387 2597 1424 2654 ut

309 2734 362 2778 eos
384 2721 515 2778 tautum
537 2715 573 2778 in
598 2717 766 2779 civitatem
793 2715 1044 2779 Atheniensium
1067 2717 1210 2799 recipere
1229 2716 1352 2792 liceret,
1365 2717 1424 2797 qui

311 2861 328 2904 e
359 2860 418 2903 sua
448 2841 555 2923 patria
576 2841 611 2902 in
636 2841 773 2904 exitium
798 2845 992 2923 perpetuum
1014 2841 1122 2904 exacti
1146 2827 1267 2917 essent
1285 2845 1343 2902 aut
1366 2841 1423 2922 qui
1459 2859 1461 2863 ’

309 2988 384 3031 cum
408 2968 501 3032 omni
523 2967 651 3030 familia
674 2969 754 3030 artis
773 2967 972 3030 exercendae
997 2967 1107 3048 gratia
1122 2966 1270 3029 Athenas
1289 2967 1424 3030 commi·

307 3098 462 3176 grassant.
490 3089 586 3172 Quod
611 3090 763 3156 Solonem
792 3092 942 3155 statuisse
966 3092 1075 3154 ferunt
1099 3111 1164 3154 non
1192 3096 1228 3153 ut
1251 3097 1424 3155 extraneos

309 3225 529 3282 summoveret
552 3218 806 3300 deterreretque,
829 3217 883 3281 sed
902 3221 938 3279 ut
961 3235 1015 3280 eos
1035 3223 1124 3280 certa
1147 3236 1201 3299 spe
1225 3236 1258 3280 se
1277 3217 1424 3280 civitatis

311 3344 484 3426 participes
514 3343 583 3408 fore
604 3343 761 3407 alliceret.
786 3342 904 3407 Nonne
928 3344 1065 3440 omnino
1090 3363 1218 3407 necesse
1243 3350 1291 3408 est
1313 3344 1355 3406 ad
1379 3344 1393 3405 i
1414 3378 1425 3389 -

312 3477 424 3531 turum
448 3469 527 3533 haeo
549 3467 756 3546 referantur?
779 3469 912 3532 Vitium
938 3471 1018 3534 inde
1044 3475 1159 3533 natum
1190 3490 1257 3535 esse
1282 3471 1423 3547 videtur,

309 3596 397 3676 quod
414 3595 555 3658 alterum
577 3596 788 3678 participium
809 3591 1070 3671 μετοκολούμεοοο
1087 3595 1168 3658 saiso
1188 3614 1247 3678 pro
1260 3595 1425 3677 praesenti

310 3720 513 3783 intellectum
540 3724 633 3785 esset.

356 3967 404 4032 Ib.
436 3970 488 4037 18.
511 3965 581 4032 ἴδιον
603 3969 634 4033 δὲ
657 3973 707 4033 τοῦ
730 3967 860 4042 Σόλωνος
883 3967 934 4034 κο)
958 3970 990 4034 τὸ
1013 3967 1076 4050 περὶ
1101 3977 1154 4044 τῆς
1177 3971 1205 4034 ἕο
1229 3969 1356 4052 δημοσίῳ
1379 3993 1424 4034 οι-

311 4092 427 4168 adurae.
452 4096 616 4178 Loquitur
638 4097 831 4162 Plutarchus
854 4098 893 4162 de
918 4098 1033 4181 epulis,
1058 4117 1143 4180 quae
1167 4100 1298 4164 honoris
1327 4119 1426 4163 causa

249 4226 252 4232 '
312 4215 439 4298 civibus
461 4221 500 4285 de
523 4223 631 4306 patria
654 4223 736 4288 bene
760 4224 885 4288 meritis
905 4229 1038 4307 sumptu
1060 4225 1192 4307 publico
1211 4226 1424 4310 parabantur,
