3360 5228
773 595 813 656 53

236 805 294 886 qui
319 805 423 876 honor
446 804 610 868 constanti
635 805 793 868 Veterum
819 824 879 867 usu
903 804 1088 887 appellatur
1108 803 1124 876 ἧ
1148 805 1176 867 ἕν
1196 803 1352 886 οσρνσανείςοΙ

237 928 358 1002 σίτησις.
389 929 421 994 τὸ
449 927 584 1007 δημόσιον
608 949 696 1008 vero,
721 931 808 1013 quod
833 931 886 994 hic
909 936 1198 1009 commemoratur,
1223 937 1270 995 est
1293 938 1353 998 aut

237 1075 347 1120 carcer
369 1056 521 1138 publicus
545 1061 604 1119 aut
627 1056 795 1119 aerarium
819 1055 1001 1138 publicum,
1025 1060 1203 1140 utrumque
1227 1057 1352 1122 abhoc

218 1181 307 1245 ¹ioco
338 1200 469 1264 prorsus
502 1181 662 1245 alienum.
687 1179 761 1261 Qua
785 1181 824 1245 de
847 1201 946 1244 causa
968 1182 1033 1244 levi
1059 1183 1244 1246 mutatione
1269 1202 1351 1268 opus

238 1326 304 1370 esse
335 1311 368 1370 et
396 1305 523 1388 δημοσίρο
553 1325 611 1389 pro
646 1306 674 1368 ἐν
705 1305 744 1386 τῷ
769 1304 897 1386 δημοσίῳ
919 1307 1094 1390 legendum
1117 1327 1242 1384 censeo,
1266 1308 1353 1390 quod

237 1432 277 1495 ad
301 1433 475 1496 lectionem
503 1432 650 1496 codicum
676 1433 826 1515 proxime
844 1433 978 1497 accedit.
999 1433 1205 1497 Aduerbium
1225 1433 1353 1516 δημοσία

237 1577 311 1621 oum
346 1558 446 1652 verbo
481 1555 637 1639 τρέφεσθαι
673 1560 884 1641 conjunctum
920 1563 968 1622 est
994 1556 1029 1620 in
1065 1579 1134 1642 cap.
1167 1560 1225 1622 31:
1250 1559 1263 1622 ὁ
1286 1559 1353 1636 σοὺς

240 1680 421 1763 πηρωθέντας
443 1684 472 1747 ἐν
494 1681 619 1764 πολέμῳ
643 1681 814 1766 δημοσία
836 1681 992 1764 τρέφεσθαι
1013 1683 1135 1747 κελεύων
1158 1705 1199 1748 sc.
1224 1681 1318 1762 νόμος.

281 1961 361 2054 Cap.
384 1967 488 2046 XXV,
514 1972 543 2032 2.
568 1967 619 2032 καὶ
642 1966 877 2049 κατεγράφησαν
900 1968 939 2040 είς
956 1965 1084 2042 ξυλίνους
1105 1965 1221 2043 ἄξονας.
1243 1972 1284 2036 V.
1303 1970 1352 2037 Ol.

240 2093 383 2160 Cobetus
404 2095 440 2158 in
464 2096 542 2158 Var.
566 2094 668 2158 Leott.
691 2114 722 2177 p.
744 2096 806 2156 386
826 2067 950 2176 optime
969 2095 1099 2158 monuit
1118 2093 1353 2176 κασεμροίφησαν

237 2221 396 2285 vitiosum
428 2239 495 2284 esse
525 2239 583 2302 pro
614 2219 836 2300 οίνσηροίφησαν,
867 2222 955 2302 quod
978 2221 1198 2284 Plutarchum
1222 2241 1352 2306 quoque

236 2367 302 2411 non
333 2347 499 2430 ignorasse
530 2351 619 2428 puto.
643 2347 799 2410 Rescribo
823 2347 925 2429 igitur
948 2343 1169 2428 σίνεηροίφησαν,
1193 2349 1281 2430 quod
1306 2355 1354 2414 est

238 2472 374 2536 verbum
401 2471 585 2555 legitimum
610 2473 646 2534 in
671 2472 729 2534 tali
753 2491 799 2548 re,
824 2473 863 2535 ef.
887 2472 962 2554 Lys.
980 2471 1061 2535 κατὰ
1083 2470 1352 2558 Φιλοκροίσονςίὸθ,

148 2685 150 2690 ,
238 2599 289 2680 2):
314 2593 498 2678 προσταχθὲν
518 2595 575 2676 wip
596 2596 677 2676 αὐτῷ
696 2594 840 2677 σεσσοίρων
861 2600 958 2674 μηνῶν
977 2596 1151 2678 οίναηροίψαο
1171 2597 1237 2670 τοὺς
1250 2597 1352 2676 νίμούς

237 2721 303 2795 τοὺς
326 2720 454 2794 Σίκωνος
477 2728 509 2787 et
532 2724 664 2805 passim.

281 3022 329 3085 Ib.
357 3023 385 3086 7.

436 3161 504 3240 πρὸς
527 3164 578 3225 σού
602 3158 730 3233 Σίκωνος
754 3160 803 3225 καί
829 3159 990 3242 Δροίκοντος
1013 3155 1065 3225 οἷσι
1084 3165 1132 3225 νύν

437 3285 594 3367 Φρύνονσνν
618 3284 671 3360 ἤδη
695 3285 751 3359 σύος
774 3284 888 3367 κοίχρνς
911 3292 972 3358 τοῖς
995 3285 1138 3367 κύρβεσιν.

283 3449 457 3531 Quomodo
481 3451 545 3514 duo
568 3451 682 3528 dativi,
707 3443 758 3514 οἷον
782 3456 815 3514 et
833 3456 895 3522 σοῖς
914 3447 1046 3526 κύρβεσιν
1066 3451 1255 3533 accipienda
1275 3451 1352 3528 sint,

239 3576 389 3658 equidem
423 3595 491 3637 non
524 3576 630 3640 video.
662 3573 739 3639 Non
771 3576 871 3658 probo
903 3576 1063 3640 Meinekii
1096 3576 1350 3658 explicationem

241 3699 348 3782 (frgm.
379 3720 464 3763 com.
494 3720 542 3783 gr.
574 3703 603 3778 2,
627 3719 659 3782 p.
685 3701 779 3784 alm:
803 3701 900 3781 „apic
922 3704 978 3764 τῶν
1001 3699 1126 3781 κύρβεων
1149 3704 1199 3764 τοῦ
1224 3699 1353 3774 Σίλωνος

238 3822 291 3889 καὶ
316 3819 551 3906 Δροίκονσος,.οίς
575 3829 623 3888 νῦν
646 3823 787 3906 Φρύνούσν
810 3832 883 3906 eto,
906 3829 1018 3910 itaque
1043 3833 1104 3899 τοῖς
1128 3825 1246 3907 κύρβεσν
1272 3833 1353 3894 nota

239 3953 435 4016 attractione
470 3951 594 4015 dictum
630 3970 688 4033 pro
722 3954 778 4014 τῶν
813 3949 970 4031 κύρβεων,”
1005 3953 1114 4035 qualis
1150 3952 1355 4018 attractionis

239 4076 323 4138 mitri
345 4077 459 4141 saltem
485 4077 637 4160 exempla
659 4083 738 4141 nota
760 4097 827 4140 non
852 4082 938 4141 sunt.
964 4079 1081 4142 Sensui
1101 4081 1225 4161 optime
1247 4079 1353 4148 mede-

238 4210 292 4268 tur
313 4204 469 4267 Reiakius
493 4204 674 4287 corrigens:
698 4199 763 4280 „cia
786 4208 876 4268 τανῦν
896 4205 968 4288 (leg.
992 4204 1033 4268 σοὶ
1057 4205 1138 4292 νῦν),
1162 4176 1197 4270 ut
1222 4199 1258 4268 ὧν
1279 4225 1354 4272 con-

238 4334 388 4392 struatur
411 4349 484 4392 cum
509 4334 571 4401 τοῖς
596 4327 760 4410 κύρβεσιν.”
