3360 5228
820 599 860 660 12

281 808 366 872 alter
406 808 612 872 matrimonii
645 808 868 890 patrocinium
903 809 1070 891 suscipiat,
1104 808 1173 890 ipae
1209 808 1398 871 historiolae

283 934 380 998 modo
412 935 535 998 relatae
565 942 732 998 auctorem
767 935 817 997 his
848 935 955 999 verbis
989 935 1130 999 indicat:
1154 937 1252 998 τοῦτον
1277 935 1331 1011 μὲν
1354 927 1399 998 οὖν

284 1055 453 1138 Ἕρμιππος
476 1059 594 1140 ἱστορεῖν
617 1064 691 1141 <Dum
715 1057 872 1131 Ποὶνοιικον,
893 1056 922 1132 ὃς
942 1056 1058 1141 ἔφοιοκε
1076 1057 1129 1131 τὴν
1148 1059 1284 1123 Αἰσώπου
1296 1059 1400 1140 ψυχὴν

286 1182 374 1264 ἔχειν,
407 1186 430 1249 i.
455 1205 482 1248 e.
514 1191 615 1268 atque
643 1187 723 1249 haec
746 1187 879 1268 quidem
903 1186 1106 1270 Hermippus
1130 1187 1320 1264 Pataecum‚
1343 1187 1401 1268 qui

284 1311 431 1373 animam
458 1309 577 1391 Aesopi
602 1309 637 1372 in
663 1330 696 1374 se
719 1311 885 1374 transiisse
905 1311 998 1396 dixit,
1018 1313 1158 1376 scribere
1178 1311 1286 1376 refert.
1305 1309 1400 1374 Hanc

284 1438 387 1520 igitur
411 1435 450 1499 de
473 1435 612 1500 Thalete
637 1441 668 1499 et
693 1436 813 1501 Solone
838 1437 1006 1501 historiam
1032 1436 1228 1503 Plutarchus
1252 1438 1295 1501 ab
1319 1435 1399 1500 Her·

277 1565 396 1646 'mippo
431 1583 464 1626 se
498 1565 658 1646 accepisse
694 1565 762 1646 ipse
797 1569 945 1628 testatur.
982 1565 1015 1627 Si
1046 1569 1158 1627 autem
1192 1565 1255 1628 doc
1281 1565 1400 1647 capita,

262 1773 264 1777 Ι
286 1693 441 1774 quintum
467 1696 499 1755 et
522 1697 653 1754 sextum
678 1691 761 1768 dico,
784 1691 873 1753 inter
896 1711 930 1754 se
953 1711 1193 1774 occuparemur,
1218 1691 1400 1754 arctissime

286 1818 373 1880 inter
397 1836 464 1881 sese
487 1816 660 1879 cohaerere
680 1835 787 1898 neque
806 1815 949 1879 alterurn
971 1817 1013 1878 ab
1033 1816 1137 1879 altero
1150 1816 1294 1897 separari
1309 1835 1401 1897 posse

288 1942 414 2025 liquido
443 1960 600 2024 apparere
623 1942 786 2004 existimo.
812 1939 926 2005 Oratio
950 1943 1039 2005 enim
1066 1941 1209 2023 obliqua,
1233 1960 1319 2023 quae
1343 1961 1402 2023 per

290 2075 395 2132 toturn
423 2072 521 2150 capnt
544 2074 672 2131 sextum
699 2068 867 2149 usquead
891 2069 991 2132 verba
1014 2070 1111 2130 τοῦτον
1131 2066 1185 2144 μὲν
1205 2059 1250 2130 οὖν
1270 2063 1401 2146 Ἕρμιπ-

288 2215 342 2264 πος
365 2217 391 2256 κ.
406 2217 432 2256 τ.
448 2206 476 2255 λ.
500 2213 565 2257 uno
591 2199 703 2256 tenore
726 2195 950 2272 continuatur,
976 2215 996 2256 a
1020 2194 1128 2257 verbis
1147 2190 1351 2273 ἀναγράφουσι
1370 2199 1403 2257 et

285 2318 366 2398 Φοιοί
385 2319 420 2380 in
444 2319 542 2382 initio
566 2319 682 2400 capitis
705 2319 813 2400 quinti
832 2319 961 2400 pendet,
982 2318 1177 2401 quibuscum
1198 2320 1311 2382 eadem
1335 2338 1403 2382 ora-

285 2445 385 2509 tionis
409 2445 564 2527 obliquae
588 2446 786 2508 constructio
808 2446 842 2507 in
871 2445 976 2527 cupite
1000 2445 1116 2526 quinto
1137 2445 1295 2527 iungitur,
1315 2445 1403 2527 quod

285 2572 385 2633 etiam
421 2576 511 2652 patet
545 2590 584 2634 ex
617 2571 789 2652 particulis
825 2569 878 2647 μὲν
913 2576 945 2634 et
976 2568 1023 2633 δέε
1055 2566 1239 2649 Ἀνοέχοιροιν
1269 2569 1339 2646 μὲν
1363 2569 1402 2641 εἰς

285 2694 414 2769 ’Atinas
447 2693 541 2774 Φοιοὶν
571 2692 619 2758 ἐπὶ
650 2692 703 2766 τὴν
733 2695 862 2766 Σόλωνος
892 2693 980 2758 οἱνίοιν
1010 2693 1129 2759 ἕλθόντοι
1151 2695 1266 2758 κόπτειν
1290 2715 1359 2759 rur.
1373 2709 1400 2758 t.

288 2822 369 2903 (cap.
404 2823 448 2905 5),
481 2820 553 2900 Πρὸς
577 2826 680 2892 Θοιλῆν
704 2818 729 2884 δ’,
758 2818 798 2891 εἷς
820 2819 953 2893 Μίλητον
976 2820 1095 2884 rutrum
1117 2820 1165 2885 τὸν
1188 2820 1309 2884 Σόλωνοι
1333 2822 1410 2885 θοιν-Ι

286 2944 391 3026 μοέζειν
414 2970 440 3009 ν.
455 2969 482 3010 r.
496 2959 523 3009 λ.
548 2945 671 3026 Quodsi
693 2947 882 3010 conceditur
901 2948 978 3010 haec
998 2948 1062 3010 duo
1081 2948 1403 3030 capitasejungenda

287 3095 353 3138 non
378 3093 455 3150 esse,
481 3093 521 3136 ex
544 3073 655 3137 eodem
682 3074 780 3148 sonte,
804 3092 904 3155 quem
928 3070 1124 3137 Plutarchus
1148 3073 1182 3135 in
1205 3073 1268 3136 fine
1285 3073 1403 3155 capitis

286 3201 368 3263 sexti
393 3206 639 3277 commemorat,
664 3219 702 3263 ea
727 3219 876 3262 manasse
899 3204 1085 3262 statuamus
1107 3217 1236 3262 necesse
1260 3206 1317 3262 est.

331 3461 411 3544 Cap.
436 3463 476 3540 V,
503 3465 532 3526 5.
556 3459 777 3541 ἀποκρινομένου
801 3461 832 3525 δὲ
854 3465 906 3524 νοῦ
926 3460 1062 3534 Σόλωνος.
1084 3460 1229 3526 Omnino
1251 3462 1401 3526 hocloco

287 3588 467 3670 requiritur
491 3589 709 3673 participium
725 3589 844 3666 coristi,
870 3609 934 3653 non
959 3589 1148 3671 praesentis,
1172 3588 1260 3670 quod
1285 3607 1325 3651 ex
1345 3585 1403 3651 Oo-

288 3715 414 3779 dicihus
445 3716 480 3776 in
513 3715 674 3797 plurimas
705 3715 864 3779 editiones
894 3719 1061 3796 receptum
1086 3714 1191 3778 video.
1217 3713 1401 3777 Assentien·

288 3841 365 3904 dum
401 3841 502 3918 igitur
534 3847 582 3904 est
612 3839 802 3917 sintenism,
834 3841 891 3922 qui
924 3847 1102 3922 praeeunte
1132 3838 1235 3903 Ocrait
1266 3859 1305 3902 ex
1337 3860 1403 3902 uno

287 3965 397 4029 codice
421 3965 569 4030 Parisino
594 3966 701 4048 (litera
725 3965 752 4029 O
776 3966 958 4048 designato)
979 3967 1075 4029 unice
1094 3985 1206 4028 veram
1230 3965 1401 4028 lectionem

287 4089 515 4171 ἀποκρινομένου
539 4092 573 4153 in
600 4096 727 4154 textum
755 4093 886 4174 recepit.

333 4342 383 4405 Ib.
410 4342 460 4405 16.
484 4339 531 4404 τὸν
555 4339 586 4404 δὲ
610 4338 730 4403 Σόλωνοι
753 4339 820 4419 πρὸς
842 4337 943 4402 scirit
965 4342 1058 4419 <barn
1080 4336 1179 4410 εἰπεῖν,
1202 4333 1244 4399 ὅτι
1264 4332 1313 4398 aui
1333 4357 1396 4397 σον·
