3360 5228
798 619 839 682 41

263 831 333 913 τείςο
361 829 413 896 sal
437 836 623 894 τωλείτοισοιν
647 828 757 902 πάντες
780 823 882 894 τοῖλλοι
905 828 1005 894 τοὶντιι
1027 830 1121 911 sadra
1145 839 1181 912 τῇ
1205 835 1275 912 μνᾷ,
1299 829 1377 902 πλὴν

264 954 318 1020 ὅσοι
349 956 416 1037 πρὸς
442 954 572 1036 ἀργύριον
597 954 745 1036 dimittibus
766 952 873 1035 εἴρηται
895 957 1021 1019 τιιιλεῖν.γ
1037 957 1136 1021 Ratio
1159 965 1212 1031 τῆς
1235 955 1377 1037 δραχμῆς

265 1089 318 1154 τῆς
341 1082 496 1162 innocuis
520 1087 552 1145 et
574 1086 629 1153 ric
653 1077 877 1162 στεφανηφόρον
899 1080 1041 1161 δραχμῆς
1064 1084 1177 1147 eadem
1202 1088 1252 1147 est
1274 1102 1375 1165 qoam

265 1201 462 1272 Plutarchus
485 1211 732 1270 commemorat.
756 1205 843 1268 Nam
865 1207 927 1268 138
942 1232 949 1269 :
964 1208 1024 1269 luo
1041 1207 1181 1270 :1002
1198 1208 1292 1286 7243.
1310 1206 1376 1269 An·

265 1334 408 1411 drotion,
438 1352 537 1429 quem
557 1331 765 1395 Plutarchus
794 1337 924 1395 secutus
954 1337 1011 1409 est,
1044 1351 1101 1414 pro
1135 1333 1217 1411 724}
1249 1332 1377 1415 scripsit

265 1460 477 1541 septuaginta
506 1462 539 1520 et
570 1463 644 1520 tres.
675 1437 713 1518 Ih
745 1456 856 1519 verbis
884 1453 958 1518 cirre
985 1455 1076 1533 μηδὲν
1100 1454 1289 1533 βλάπτεσθαι
1311 1455 1377 1520 τοὺς

265 1579 470 1661 κομιζομένους
502 1582 674 1644 manifesto
697 1581 896 1645 Plutarchus
917 1586 1014 1658 errat,
1038 1601 1114 1644 nam
1141 1601 1254 1646 revera
1271 1584 1377 1666 jactu-

264 1728 336 1771 ram
359 1708 509 1772 fecerunt
531 1707 784 1771 centesimarum
807 1707 1000 1770 vicenarum
1026 1712 1059 1770 et
1081 1714 1301 1789 septenarum.
1321 1709 1378 1769 τῶν

265 1830 455 1910 συμβολαίων
477 1830 619 1911 οξνοιίροσιν
642 1833 682 1895 ad
705 1851 759 1895 eos
782 1837 913 1894 tautum
939 1832 1143 1896 referendam
1168 1851 1235 1896 esse
1258 1833 1379 1897 Boeck·

269 1961 344 2023 hius
373 1961 500 2042 aliique
531 1963 674 2036 censent,
710 1959 768 2040 qui
792 1977 925 2041 corpore
948 1958 1083 2040 obligati
1107 1963 1222 2035 essent,
1247 1978 1312 2021 noo
1336 1959 1378 2022 ad

267 2105 331 2162 eos,
366 2085 424 2168 qui
454 2104 512 2167 pro
538 2084 626 2166 agris
657 2082 832 2165 fundisque
866 2083 984 2165 emptis
1013 2083 1187 2164 pecuniam
1213 2084 1377 2148 deberent.

268 2210 363 2291 Quod
398 2211 426 2274 si
460 2231 575 2274 verum
608 2218 665 2287 est,
697 2229 809 2273 versus
838 2209 967 2273 Solonis
997 2207 1071 2288 ὅρους
1094 2208 1209 2272 οὶνεῖλον
1233 2217 1378 2288 τολλοοχῆ

267 2333 442 2413 πεπηγότος
472 2355 538 2400 non
562 2336 603 2398 ad
627 2336 765 2399 verbum
790 2335 981 2417 accipienda
1002 2327 1089 2412 sunl,
1114 2335 1168 2400 sed
1192 2335 1376 2419 significare

267 2463 422 2526 videntur
465 2461 618 2526 Solonem
660 2461 830 2538 debitores,
866 2479 1007 2542 quorum
1043 2462 1135 2524 fundi
1172 2462 1378 2545 oppignerati

267 2593 382 2666 essent,
414 2606 501 2652 nova
530 2588 682 2651 instituta
713 2588 760 2651 rei
793 2587 1001 2650 nummariae
1031 2587 1158 2651 ratione
1180 2586 1378 2665 sublevasse,

267 2712 316 2775 ita
340 2718 376 2776 ut
398 2712 535 2776 celerius
559 2713 672 2776 debita
695 2711 819 2776 solvere
842 2717 981 2793 possent.

310 2961 358 3025 Ib.
392 2961 443 3025 32.
474 2959 497 3024 οἱ
528 2958 559 3024 δὲ
588 2967 721 3025 πλεῖστοι
751 2959 867 3024 σοὶντσιν
898 2959 969 3037 ὁμοῦ
1000 2958 1080 3040 <bari
1110 2963 1166 3023 τῶν
1190 2959 1380 3039 συμβολαίων

265 3085 407 3167 ἀνοσίοισιν
437 3085 569 3164 γενέσθαι
599 3085 652 3159 τὴν
686 3065 872 3164 σεισοὶοὲδειιιν
903 3083 955 3148 usi
980 3083 1087 3158 τούτοις
1111 3085 1241 3168 συνᾴδειν
1264 3089 1381 3164 μᾶλλον

265 3209 306 3273 rat
329 3209 493 3288 τοιήμοιτοο.
520 3213 666 3277 Sintenis
689 3213 724 3274 in
749 3213 965 3276 annotatione
989 3213 1117 3276 critica:
1142 3211 1286 3295 „aaudiat
1304 3234 1379 3277 cum

266 3334 397 3416 Bryano
431 3336 569 3400 editores
601 3343 730 3420 praeter
765 3335 1009 3400 Schaelcrum.''
1044 3335 1144 3402 Miror
1177 3357 1278 3421 quara
1312 3338 1381 3421 ipsc

268 3462 430 3542 optimam
460 3462 581 3543 Bryani
611 3461 876 3527 emendationem
902 3482 967 3525 non
992 3463 1161 3546 receperit.
1185 3463 1382 3526 Plutarchus

254 3565 412 3668 'primum
449 3587 589 3651 aliorum
624 3589 821 3651 sententiam
855 3589 987 3652 laudat:
1019 3589 1167 3670 plerique
1196 3585 1381 3667 σεισάχθειαν

267 3713 511 3778 dissolutionem
546 3715 697 3778 omnium
730 3721 900 3797 pactorum
926 3714 1023 3779 luisse
1047 3719 1241 3793 autumant3
1264 3713 1382 3778 deinde

267 3839 390 3920 pergit:
425 3844 524 3920 atque
560 3859 635 3902 oum
672 3840 722 3903 his
752 3839 805 3922 (sc.
840 3839 1065 3922 scriptoribus)
1099 3839 1223 3902 faciant
1253 3837 1382 3902 Solonis

268 3964 426 4040 carmina,
455 3965 543 4046 quod
571 3965 770 4028 Plutarchus
801 3983 842 4029 ex
876 3985 934 4028 soa
966 3964 1068 4048 ipsius
1095 3964 1260 4029 sententia
1282 3963 1381 4027 addit.

268 4089 476 4153 Necessarius
505 4091 607 4173 igitur
635 4096 683 4155 est
711 4092 921 4155 indicativus.
945 4091 1020 4155 Non
1044 4090 1192 4173 intelligo
1217 4089 1380 4172 quomodo

269 4234 448 4297 pronomen
482 4215 590 4289 τούτοις
620 4211 785 4301 explicare
815 4217 925 4300 possis,
957 4218 983 4279 si
1014 4217 1218 4279 infinitivum
1251 4213 1381 4297 συνᾴδειν

268 4359 398 4403 servare
422 4340 513 4405 velis.
