3360 5228
762 617 922 718 ..114

319 829 363 901 τίς
387 815 583 896 mutandum
608 835 657 894 est
680 830 715 891 in
738 824 786 903 343
807 829 986 910 requiritur
1004 828 1093 890 enim
1113 845 1296 909 pronomen
1311 825 1393 888 rela-

278 958 398 1035 tivum,
431 956 472 1019 ad
503 958 590 1038 quod
614 975 753 1038 sequens
776 954 1074 1018 demonstrativum
1094 949 1201 1020 ,τούτου
1224 953 1393 1030 referatur.

276 1081 330 1155 τίς,
361 1083 448 1165 quod
480 1103 547 1146 non
578 1087 684 1164 potest
715 1101 782 1145 esse
815 1081 879 1143 nisi
909 1099 1090 1164 pronomen
1116 1078 1392 1162 interrogativum

275 1215 334 1272 aut
355 1195 578 1286 indefinitum,
603 1209 697 1271 nullo
724 1207 819 1272 modo
845 1207 897 1270 hio
921 1207 997 1269 terri
1021 1210 1135 1287 potest.

320 1457 400 1541 Cap.
435 1458 502 1538 IV„
526 1459 555 1522 6.
588 1456 672 1526 Kriou
702 1455 760 1537 ροέρ
788 1470 898 1520 aaa.
924 1455 1012 1519 Vera
1037 1457 1199 1538 scriptura
1224 1459 1273 1519 est
1298 1450 1393 1534 Κῴων.

276 1585 315 1649 cf.
338 1583 480 1664 Bceckh,
504 1582 541 1647 G.
565 1584 591 1648 Ι.
616 1584 730 1647 Graec.
754 1583 837 1645 Pars
857 1582 922 1644 XII
945 1602 975 1664 p.
1002 1582 1064 1644 388
1092 1581 1201 1663 (2505)
1227 1581 1394 1656 „Nrunrni

277 1714 465 1772 constanter
496 1683 640 1772 ΚΩΙΩΝ
671 1714 704 1772 51
734 1709 780 1771 sic
811 1697 919 1771 etiam
947 1707 1045 1784 tituli,
1079 1711 1122 1769 nl.
1148 1709 1232 1768 2509
1257 1705 1277 1768 οἱ
1300 1704 1397 1800 ficone

276 1831 328 1896 κοοὶ
358 1831 371 1896 ὃ
394 1833 489 1911 δᾶμος
511 1841 565 1907 τῆς
588 1832 804 1915 λοοροπροτοέτης
829 1832 923 1897 Koloe
947 1832 1058 1904 πόλεως
1079 1858 1105 1896 κ.
1119 1856 1145 1895 τ.
1159 1846 1188 1895 λ.
1215 1835 1299 1894 2512
1327 1841 1394 1895 Διο-

234 2045 238 2054 '
270 1958 370 2023 οοοίοο
393 1959 503 2032 πόλεως
527 1959 621 2026 Κωΐοον
644 1958 825 2053 attollant

322 2212 371 2275 Ib.
407 2215 425 2273 8
456 2215 583 2294 χρυσοῦς
612 2210 707 2292 {priva
732 2209 847 2291 τρίπους
870 2206 1032 2286 ἑλκόμενος.
1057 2208 1138 2274 Coo.
1164 2211 1286 2273 Mnem.
1311 2209 1396 2273 Nor.

278 2339 345 2401 Ser.
370 2337 445 2401 Vol.
470 2338 527 2416 VI,
551 2357 582 2420 p.
608 2339 688 2399 131:
713 2337 818 2420 ‚,Leg.
840 2335 1075 2422 'ANrtaclprm
1096 2337 1276 2399 Piscatoria
1295 2336 1396 2398 rerba

279 2468 356 2525 sunt
388 2461 527 2524 οέοοοοποῖν
557 2468 589 2525 51
619 2459 779 2524 avernos?
812 2461 848 2523 Id
878 2462 986 2543 ipsum
1012 2463 1149 2524 verbum
1176 2460 1394 2541 compositum

240 2657 243 2670 Ι
279 2589 401 2670 legitur
424 2589 458 2649 in
485 2587 643 2672 Diogenis
665 2588 789 2651 Laertii
813 2587 852 2677 de
876 2588 992 2650 eadem
1015 2587 1270 2663 remoratione,
1289 2585 1314 2663 1,
1336 2581 1395 2647 28':

277 2710 539 2784 ἀνασπασθέντος
562 2711 593 2778 δὲ
615 2715 665 2802 τοῦΙ
689 2711 819 2793 τρίποδος
841 2711 1073 2792 ἀμφισβήτησις
1097 2706 1138 2784 ἦν.

320 2958 401 3042 Cap.
426 2959 466 3021 V.
499 2925 601 3038 Idem,
626 2979 830 3042 quamquam
857 2962 1043 3043 discrepans
1066 2962 1100 3023 in
1126 2951 1265 3046 singuiis
1290 2962 1395 3040 rebus,

253 3057 317 3149 ¹de
347 3087 455 3167 primo
487 3085 720 3149 Anacharsidis
752 3093 788 3150 et·
815 3087 945 3150 Solonis
968 3107 1140 3170 congressu
1165 3093 1277 3150 narrat
1302 3089 1396 3170 Diog.

277 3212 385 3276 Laert.
409 3212 435 3289 l,
462 3213 534 3290 101,
563 3213 625 3274 102
641 3209 676 3293 ¹),
696 3214 754 3294 qui
775 3210 995 3311 Hermippum
1015 3219 1183 3277 auctorem
1208 3213 1397 3306 historiolae

176 3329 178 3334 ’
209 3329 213 3338 “
278 3336 402 3399 155051.
431 3337 512 3401 1555
537 3309 750 3402 nranifestum
778 3359 846 3402 esse
869 3308 998 3402 videtur
1021 3339 1239 3403 Plutarchum
1264 3359 1397 3422 quoque

278 3463 339 3526 huc
370 3463 440 3527 loco
466 3435 703 3555 exiliermippi
726 3467 853 3547 scriptis
877 3467 1035 3530 hausisse.
1056 3467 1230 3529 Praeterea
1254 3466 1394 3529 alterum
1460 3545 1465 3558 .

277 3589 542 3676 etiamkhujusce
565 3591 615 3653 rei
638 3598 871 3674 argumentum
899 3611 967 3656 esse
990 3611 1116 3656 censeo,
1141 3591 1338 3655 Plutarchus
1361 3587 1396 3654 in

277 3685 436 3779 extrema
453 3720 550 3797 parte
581 3717 699 3798 capitis
731 3719 908 3799 sequentis,
933 3719 968 3781 in
994 3738 1060 3801 quo
1085 3717 1286 3800 colloquium
1310 3718 1398 3781 iuter

278 3841 448 3906 Thaletem
481 3847 514 3906 et
546 3843 700 3906 Solonem
725 3849 867 3922 enarrat,
893 3845 939 3908 ita
963 3850 1002 3908 51
1024 3842 1112 3926 prior
1136 3845 1225 3909 vitae
1249 3845 1396 3924 caelibis,

315 4103 336 4167 ¹)
356 4107 366 4164 §
393 4102 455 4154 102:
477 4102 539 4152 ’ἐνθεν
561 4104 574 4152 ὁ
600 4077 749 4165 ’Λνοίχοιροις
766 4103 820 4154 italo
836 4086 891 4174 ltpn,
909 4108 946 4182 νῦρ
962 4105 1056 4164 αὐτὸς
1074 4103 1097 4154 ἐν
1110 4109 1143 4170 τῇ
1161 4105 1259 4166 πατρίδι
1274 4103 1340 4163 εἶναι,
1357 4106 1399 4154 nal

242 4215 245 4224 ν
277 4192 399 4264 προσήκειν
421 4193 487 4256 atra
505 4193 581 4259 ξένους
600 4196 721 4245 mantelas
742 4194 875 4260 Quomodo
894 4195 1051 4248 Anacharsis
1067 4196 1165 4264 Scytha
1183 4181 1295 4253 Athenis
1312 4195 1399 4272 dicere·
1443 4229 1446 4236 ·

277 4283 362 4350 possit
387 4299 414 4337 se
435 4273 468 4336 'in'
488 4275 535 4337 sua
558 4285 643 4352 patria
668 4301 733 4348 esse,
757 4285 878 4354 equidem
897 4301 949 4340 uon
967 4286 1058 4352 ride03
1075 4303 1120 4356 pro
1138 4287 1210 4346 αὐτός
1226 4287 1309 4358 igitur
1325 4288 1397 4340 ata-to

278 4363 416 4444 legendum
433 4376 492 4441 erit,
511 4380 540 4430 ut
558 4377 637 4431 Solon
654 4379 827 4449 intelligatur.
