3360 5228
847 542 865 602 2
948 525 951 538 .

295 763 523 814 numeroram
537 750 624 812 male
647 749 787 832 'acocptis
809 750 975 840 immania
996 713 1076 812 vitia
1101 755 1179 814 nata
1202 755 1288 813 aunt.
1309 748 1411 832 Oojus

297 877 343 939 rei
374 877 400 938 si
433 876 507 957 quis
539 874 687 957 exempla
715 874 863 956 requirit,
888 875 1041 956 inspiciat
1065 875 1142 938 Var.
1170 874 1271 937 Leott.
1297 875 1336 938 V.
1361 872 1411 938 Ol.

297 998 420 1076 (laben,
451 1021 482 1082 p.
515 1002 576 1062 122
608 1019 665 1082 sq„
699 1000 761 1061 362
786 1004 819 1062 et
841 999 925 1062 Nov.
949 1000 1053 1064 Lectt.
1078 1020 1108 1083 p.
1137 999 1310 1096 2124230,
1337 1002 1411 1078 alt,

238 1145 244 1156 ·
300 1129 371 1192 795.
404 1128 454 1190 Ex
477 1128 619 1208 ejusdem
650 1128 724 1192 Ver.
749 1128 850 1192 Lectt.
876 1147 907 1210 p.
932 1128 993 1189 431
1020 1128 1176 1191 discimus
1202 1135 1239 1198 Δ,
1265 1126 1353 1210 quod
1376 1129 1411 1189 in

296 1253 411 1316 ceteris
430 1252 537 1315 -libris
560 1257 608 1316 est
630 1271 689 1334 pro
711 1248 860 1330 τέτταρες,
882 1252 916 1314 in
943 1252 1177 1315 retussissimis
1200 1269 1257 1334 pro
1283 1250 1408 1337 Δζὲκα)

242 1337 250 1364 ⁸
296 1399 373 1444 esse.
399 1380 498 1443 Hunc
520 1380 623 1460 igitur
645 1395 822 1441 nnmerum
844 1383 952 1442 nostro
971 1378 1041 1441 loca
1058 1371 1297 1441 restituendum
1311 1387 1412 1461 atquc

295 1501 345 1567 ἐπὶ
380 1507 431 1567 τοῦ
466 1502 588 1567 δεκοίτου
622 1503 807 1580 Πτολεμαίου
842 1504 1016 1586 legendum
1050 1523 1117 1568 esse
1148 1499 1314 1570 existimo.
1346 1503 1411 1585 Qui

242 1599 245 1606 Ι
296 1630 384 1692 enim
417 1630 544 1712 decimo
575 1629 774 1707 Ptolemaeo,
805 1629 918 1692 Sullae
941 1628 1083 1710 aequali,
1107 1636 1268 1712 regnante
1291 1630 1412 1693 adoles·

295 1774 371 1818 cens
395 1753 614 1819 Alexandriae
634 1755 764 1831 vixerit,
784 1754 869 1816 nihil
889 1755 997 1817 obstat
1015 1755 1196 1836 quominus
1214 1755 1301 1817 idem
1316 1756 1412 1818 Pom-

296 1879 361 1962 peji
394 1878 596 1961 temporibus
619 1878 744 1942 Romae
767 1884 872 1942 artem
896 1880 1149 1960 grammaticam
1174 1880 1333 1962 protessus
1356 1882 1410 1944 sit.

340 2139 389 2204 In.
407 2121 410 2128 ¹
426 2141 467 2202 22
503 2136 555 2201 καὶ
587 2136 688 2219 τρόπον
718 2136 783 2201 τινα
813 2136 880 2209 τοὺς
910 2134 1007 2223 αξίους
1030 2136 1262 2219 προκαλούμενος
1287 2134 1323 2202 ὧν
1345 2139 1411 2210 τοὺς

295 2260 430 2338 οίναξίους
453 2262 615 2336 οίπηλαυνε.

327 2389 497 2453 ‘Reiskins
526 2395 677 2453 annotat:
709 2381 822 2466 „beria
845 2390 872 2453 si
897 2390 995 2454 habet
1020 2391 1164 2474 vulgata,
1189 2392 1284 2454 debet
1307 2393 1412 2475 accipi

295 2535 354 2598 pro
384 2511 433 2576 ε’πδ
458 2518 557 2577 ταῦτα
580 2511 827 2594 προκαλοίμενος;
852 2534 1055 2598 quamquam
1082 2517 1196 2599 ntique
1221 2515 1340 2580 vellem
1365 2518 1412 2581 sic

295 2639 474 2722 laginam
499 2640 635 2723 vulgata
657 2641 835 2704 admodum
862 2647 909 2704 est
932 2641 1048 2706 dura.'’
1071 2640 1206 2723 Optime
1232 2644 1315 2705 milri
1340 2643 1410 2706 vnl-

294 2773 372 2847 gata
393 2784 427 2828 se
453 2765 572 2828 trabere
597 2765 736 2841 ridetur,
760 2765 918 2847 permulti
942 2767 1032 2828 enim
1057 2773 1134 2844 sunt
1158 2767 1230 2844 loci,
1251 2785 1269 2831 e
1289 2769 1411 2850 quibus

295 2898 431 2973 apparet
464 2889 667 2952 vocabulum
702 2889 918 2968 προκαλεῖσθαι,
953 2892 1044 2972 qood
1077 2897 1125 2953 est
1160 2910 1411 2973 provocare,

296 3016 504 3091 invitare,
539 3021 571 3077 et
606 3015 673 3076 alia
703 3015 848 3098 ejusdem
880 3017 1131 3098 significationis
1163 3019 1272 3094 verba,
1306 3019 1411 3082 veluti

295 3138 610 3221 τροτρὲπενν,»τείίειν,
642 3137 830 3220 ανανκοίζενν,
864 3161 939 3205 cnm
973 3135 1098 3225 duplici
1123 3145 1310 3207 accusativo
1337 3163 1413 3207 con·

291 3268 388 3349 jungi
412 3267 523 3331 solere.
549 3266 587 3328 In
613 3265 670 3331 Ar.
696 3265 840 3330 Aclrarn.
865 3287 895 3328 v.
922 3267 983 3329 652
1009 3267 1144 3350 legitur:

336 3392 388 3456 δια
411 3393 495 3456 ταῦθ’
519 3391 598 3468 ὑμᾶς
623 3389 845 3469 Λακεδαιμόνιον
869 3391 921 3464 την
944 3391 1051 3472 εἰρήνην
1074 3397 1295 3472 προκαλοῦνται,
1354 3451 1356 3455 .

341 3521 437 3584 Dem.
467 3539 541 3602 pag.
575 3520 638 3581 864
670 3518 734 3601 (30,
770 3519 800 3602 1)
832 3516 931 3581 πολλοὶ
959 3516 1010 3580 καί
1034 3516 1134 3582 δίκαια
1157 3516 1413 3599 προκαλεσάμενος

296 3642 490 3724 οίμφοτὲρους,
506 3677 508 3682 ·
523 3644 625 3709 Tlruc.
657 3643 701 3722 II,
730 3643 768 3707 72
791 3638 864 3723 ίίπερ
888 3639 939 3706 καὶ
964 3642 996 3706 τὸ
1019 3640 1149 3724 πρότερον
1172 3641 1227 3716 ἤδη
1251 3644 1411 3723 προύκαλε-

296 3763 424 3846 οοίμεία,
449 3773 512 3833 etc.

341 4018 389 4082 Ib.
414 4018 454 4081 27
478 4015 662 4098 Ἀκαδημία.
688 4017 740 4080 Ita
760 4017 917 4099 scriptum
939 4022 987 4079 est
1007 4017 1095 4099 apud
1116 4015 1412 4093 Sintenisium‚sed

296 4146 525 4228 corrigendum
556 4142 756 4225 Ἀκαδημείᾳ.
789 4144 978 4208 Sexcenties
1001 4144 1037 4204 in
1061 4142 1155 4206 libris
1181 4142 1412 4224 manuscriptis

295 4293 319 4333 ει
350 4277 382 4334 et
411 4293 419 4334 ν
449 4271 606 4335 conlundi
638 4276 854 4353 nostrumque
885 4289 953 4334 csse
982 4274 1123 4333 statuere
1148 4274 1258 4332 utrum
1285 4269 1345 4333 hoc
1368 4287 1411 4331 an
