3360 5228
265 831 297 890 et
321 827 395 904 251,
421 828 500 892 252:

419 981 493 1040 σοῖσν
516 975 583 1057 γάρ,
607 970 658 1040 οἷσι
682 974 812 1053 μέμηλε,
835 973 887 1042 xci
911 975 1104 1054 ἐσσομένοισιν
1126 976 1236 1051 cicili

463 1101 532 1184 ἔσσῃ
558 1103 644 1181 ὁμῶς,
669 1101 733 1184 ὄφρ’
759 1101 795 1167 ἂν
820 1098 836 1183 ᾖ
859 1107 899 1181 γῆ
923 1126 956 1166 σε
978 1101 1027 1166 νον)
1051 1101 1152 1176 ἠέλιος.

310 1266 421 1347 Quum
455 1266 556 1350 igitur
580 1273 627 1332 tot
650 1269 760 1332 adsint
784 1268 982 1345 testimonia,
1007 1267 1092 1330 nihil
1117 1269 1226 1332 obstat
1247 1270 1374 1351 quomi-

265 1413 328 1468 nus
358 1395 459 1457 etiam
485 1399 632 1456 nostram
658 1392 798 1476 elegiam
823 1413 843 1455 a
867 1391 985 1457 Solone
1008 1401 1175 1458 cantatam
1200 1414 1268 1458 esse
1291 1403 1383 1478 pute·

266 1539 349 1583 mus.
386 1519 498 1592 Unum
536 1524 668 1582 tautum
703 1519 930 1583 testimonium
963 1539 1037 1582 cum
1071 1520 1264 1601 Bernhardy
1286 1521 1382 1584 facit:

260 1629 360 1730 'Diog.
385 1647 492 1710 Ladrt.
516 1646 543 1723 I,
569 1646 610 1707 46
633 1641 700 1708 ἔνθοο
722 1650 780 1715 σοῖς
799 1643 961 1718 Ἀθηναίοις
980 1643 1127 1722 οὶνὲγνω
1146 1644 1194 1709 tra
1214 1643 1332 1725 uipereor
1344 1645 1384 1709 roi

265 1769 445 1835 συντείνοντα
475 1768 539 1849 περὶ
568 1777 744 1848 Σονλονμῖνος
775 1771 902 1848 ἐλεγεῖον,
931 1773 1020 1853 quod
1043 1773 1092 1835 ita
1117 1773 1259 1855 explicat
1284 1774 1383 1838 Bern-

266 1899 380 1980 hardy,
411 1917 442 1981 p.
474 1901 555 1961 514:
579 1899 662 1974 „die
685 1899 800 1982 Elegia
823 1917 894 1961 war
919 1898 1021 1962 durch
1047 1899 1146 1962 einen
1171 1900 1292 1962 Mimos
1315 1900 1383 1966 ein-

266 2025 406 2106 geliilrrt,
436 2023 515 2088 aber
546 2025 599 2087 die
630 2025 760 2107 Lesung
790 2024 857 2087 und
888 2024 1114 2106 Verbreitung
1143 2025 1198 2087 des
1229 2024 1383 2088 Gedichts

267 2150 433 2214 entschied
463 2151 526 2214 den
557 2148 703 2233 Erlolg.”
733 2149 843 2230 Quum
870 2171 948 2216 raro
974 2152 1136 2234 Diogenes
1159 2152 1200 2215 ab
1225 2153 1382 2216 omnibus

265 2275 380 2338 ceteris
403 2276 571 2357 discrepet,
594 2277 704 2358 potius
726 2295 871 2340 errorem
897 2277 966 2358 ejus
991 2277 1206 2341 statuendum
1230 2283 1318 2360 puto,
1343 2277 1379 2340 in

265 2420 364 2485 quem
389 2421 426 2466 eo
449 2401 579 2476 facilius
602 2402 746 2466 incidere
770 2406 898 2484 poterat
921 2403 1083 2466 vocabulo
1107 2397 1195 2482 κήρνξ
1217 2403 1381 2483 deceptus,

267 2547 365 2609 quem
402 2527 541 2614 elegiam
574 2533 762 2591 cantantem
794 2528 857 2591 sibi
888 2529 1011 2611 fingere
1042 2547 1109 2591 non
1141 2534 1280 2610 poterat.
1306 2527 1381 2610 Ipsa

266 2653 365 2718 eriam
398 2652 522 2736 elegiae
553 2653 653 2716 verba
684 2659 883 2735 argumento
907 2660 984 2716 sunt
1004 2654 1187 2735 Diogenem
1212 2641 1279 2716 non
1304 2673 1383 2718 vera

266 2779 403 2857 tradere,
425 2778 541 2849 αὐτὸς
565 2773 653 2858 ripa}
676 2772 769 2851 ἦλθον,
794 2780 861 2843 tale
884 2780 1056 2843 exordium
1079 2799 1144 2842 non
1165 2780 1230 2841 nisi
1248 2778 1290 2843 ab
1311 2781 1382 2861 ipso

265 2905 384 2970 Solone
415 2905 671 2990 pronuntiatum
704 2925 771 2969 esse
794 2909 909 2987 potest.
935 2903 1045 2986 Quam
1068 2905 1109 2970 ob
1130 2925 1264 2968 causam
1290 2905 1381 2968 Plut-

264 3033 364 3095 archo
392 3051 467 3100 cum
500 3031 617 3094 ceteris
648 3031 804 3094 omnibus
831 3032 1048 3096 consentienti
1072 3032 1169 3095 iidem
1196 3031 1379 3095 habendam

264 3175 333 3221 csse
355 3175 480 3222 censeo.
981 3127 983 3131 Ι

310 3377 359 3440 Ib.
385 3379 436 3440 14.
461 3377 547 3449 αὐτὸς
569 3375 695 3459 κῆρυξ
720 3374 804 3452 ἦλθον
826 3379 884 3459 ἀφ’
909 3378 1028 3459 ἱμερτῆς
1050 3386 1232 3457 Σνλοομῖνος.

310 3501 424 3568 Obiter
447 3504 586 3568 emenda
609 3500 707 3584 κήρνξ,
728 3525 806 3567 nam
828 3525 868 3568 ex
886 3505 1189 3569 innumerabilibus
1208 3510 1380 3588 poetarum

266 3627 344 3692 locis
366 3634 494 3694 constat
518 3651 533 3690 ν
558 3629 753 3711 productum
780 3649 857 3694 esse.
883 3627 949 3692 Cur
971 3628 1125 3707 Simonis,
1149 3630 1209 3712 qui
1228 3630 1263 3691 iu
1285 3649 1382 3712 appa-

265 3761 339 3816 ratu
364 3745 477 3818 critico
497 3759 652 3817 annotat:
674 3755 909 3829 „scribebatur
927 3749 1046 3834 κήρνξ”,
1067 3761 1177 3818 tamen
1191 3749 1280 3831 κῆρυξ
1291 3753 1383 3817 dede·

266 3879 319 3955 rit,
342 3879 494 3960 equidem
519 3898 586 3942 non
611 3878 771 3962 intelligo.

309 4090 358 4152 Ib.
384 4092 435 4154 25.
460 4088 595 4168 ἔπεμψεν
618 4086 709 4167 ἄνδρα
731 4090 833 4154 σνσσὸν
853 4090 892 4162 εἰς
911 4098 1076 4168 Σονλοομῖνον
1095 4129 1138 4138 -
1151 4089 1305 4156 κελεύοντα
1316 4089 1383 4162 τοὺς

266 4222 415 4296 Μεγαρεῖς
444 4239 511 4279 κ.σ.
526 4228 554 4278 λ.
579 4214 742 4290 citeriora,
766 4219 853 4300 quod
877 4220 1032 4284 vitiosum
1058 4225 1114 4296 est,
1139 4218 1263 4300 duplici
1288 4217 1383 4280 modo

267 4341 385 4424 corrigi
418 4346 534 4424 potest,
566 4342 646 4423 quia
678 4341 794 4407 Graeci
827 4343 978 4407 solebant
1007 4345 1114 4408 dicere
1137 4340 1271 4422 ἔπεμψεν
1294 4338 1384 4419 ἄνδρνν
