3360 5228
829 485 870 546 31

294 691 447 756 Muelleri
480 695 668 774 conjectura
699 692 793 754 nihil·
815 712 897 775 opus
926 711 994 757 esse
1024 693 1107 756 mihi
1136 695 1275 772 videtur,
1299 714 1401 778 quum

294 822 419 881 constet
449 817 661 881 Hellanicum
695 816 849 881 Lesbium
874 817 986 881 eodem
1014 819 1107 882 modo
1132 819 1303 882 historiam
1328 819 1404 882 inde

294 943 336 1006 ab
354 941 592 1024 antiquissimis
614 942 815 1024 temporibus
833 942 1115 1024 comprehendisse
1132 943 1215 1008 libro
1229 941 1291 1023 περὶ
1305 942 1405 1023 ἱερειῶν

295 1062 389 1147 Ἥρας
412 1067 580 1151 inscripto,
604 1085 670 1149 quo
694 1087 745 1132 res
766 1068 934 1150 graviores
957 1067 1133 1131 secuudum
1158 1070 1275 1132 seriem
1301 1088 1404 1146 sacer-

277 1174 410 1256 ¹dotum
452 1193 592 1255 Ι1111101110
626 1190 770 1274 Argivae
805 1193 1065 1256 continerentur.
1100 1191 1210 1256 Etiam
1244 1191 1405 1276 conjicere

292 1318 392 1401 possis
420 1318 635 1381 Plutarchum
659 1337 718 1381 sua
740 1317 892 1380 sumsisse
916 1337 934 1382 e
956 1318 1102 1384 Phaniae
1125 1317 1210 1382 libro
1234 1314 1297 1398 τἐρὶ
1321 1340 1405 1391 ποιη-

292 1445 358 1514 τῶν,
393 1462 492 1526 quem
527 1448 762 1507 commemorat
793 1443 915 1506 Athen.
950 1443 1028 1506 VIII
1057 1464 1087 1527 p.
1120 1445 1224 1522 3520,
1257 1441 1368 1516 Φανίας
1394 1444 1407 1506 ό

293 1567 515 1641 περιπατητικὸς
537 1567 566 1630 ἐν
589 1565 707 1648 δευτέρῳ
730 1565 793 1647 περὶ
816 1570 946 1641 ποιητῶν.
970 1569 1115 1632 Phanias
1138 1570 1253 1652 quanti
1274 1589 1294 1632 a
1312 1569 1405 1632 Plut-

293 1692 392 1756 archo
418 1694 619 1772 aestimetur,
644 1695 868 1776 cognosoImus
887 1713 905 1757 0
926 1695 996 1757 vita
1015 1694 1255 1774 Themistoclis,
1268 1714 1337 1777 cap.
1353 1697 1404 1774 13,

294 1818 353 1881 ubi
375 1837 459 1901 eum
476 1819 620 1901 appellat
642 1815 732 1898 ἄνδρα
754 1816 915 1900 Φιλόσοφον
938 1816 989 1882 καὶ
1010 1817 1197 1900 γραμμόταν
1217 1817 1403 1900 οόκόιτειρον.

265 2155 267 2160 ,
337 2066 386 2129 Ib.
412 2068 463 2130 11.
486 2064 565 2146 ηρὲόη
590 2065 621 2130 δὲ
643 2063 742 2148 όιρχοον
765 2065 846 2145 μετόν
868 2065 1065 2147 Φιλόμβροτον
1087 2064 1159 2144 όμοῦ
1183 2064 1234 2130 καὶ
1255 2067 1399 2130 διαλλακ-

293 2189 346 2264 τὴς
375 2188 427 2256 καὶ
458 2190 619 2270 νομοθέτης.
653 2194 751 2258 Solon
783 2195 905 2258 archon
936 2199 1064 2258 creatus
1089 2199 1137 2256 est
1160 2200 1231 2276 post
1253 2193 1401 2256 Philom-

294 2319 428 2382 brotum
460 2319 561 2381 simul
593 2324 629 2382 ut
659 2318 865 2383 concordiam
896 2321 982 2382 inter
1011 2315 1169 2382 factiones
1191 2320 1404 2383 constitueret

294 2460 461 2524 novasque
491 2443 578 2525 leges
607 2443 715 2506 ferret.
738 2443 789 2505 Ex
811 2442 886 2505 aliis
908 2443 1118 2526 scriptoribus
1142 2442 1292 2506 Solonem
1317 2463 1403 2507 anno

295 2571 358 2632 591
394 2570 480 2653 leges
515 2555 590 2632 sias
618 2568 731 2634 tulisse
761 2575 904 2633 statuere
936 2570 1029 2632 licet:
1061 2567 1153 2651 Diog.
1186 2569 1292 2632 Labrt.
1317 2568 1342 2647 I,
1363 2571 1404 2630 62

292 2692 412 2775 ἤκμαζε
439 2695 494 2772 μὲν
525 2687 571 2759 οὖν
603 2693 666 2775 περὶ
695 2694 748 2767 τὴν
770 2693 1004 2774 τεσσαρακοστὴν
1026 2690 1111 2766 ἕκτην
1136 2693 1345 2771 Ὀλυμπιάδα,
1370 2687 1404 2767 ἧς

294 2819 333 2899 τῷ
363 2819 446 2900 τρίτῳ
475 2815 531 2882 ἔτει
561 2813 640 2899 ἦρξεν
667 2818 837 2892 Ἀθηναίοις,
864 2816 940 2882 καόοό
962 2823 1036 2898 <boot
1059 2817 1255 2899 Σασικρότης*
1277 2817 1324 2882 ότε
1348 2815 1403 2882 καὶ

293 2944 384 3018 τόόησι
406 2944 473 3017 τοὺς
497 2945 609 3022 νόμους,
634 2944 738 3010 (ilem.
762 2945 857 3008 Alex.
878 2946 996 3010 Strom.
1020 2942 1047 3024 I,
1068 2965 1098 3028 p.
1119 2945 1181 3007 302
1201 2942 1337 3022 ἤκμασεν
1358 2937 1404 3009 οὖν

295 3073 307 3137 ό
338 3070 436 3136 Σόλων
466 3070 546 3135 κατόι
574 3069 626 3143 την
649 3069 880 3151 τεσσαρακοστὴν
903 3067 988 3144 ’ἕκτην
1011 3071 1218 3147 Ὀλιιμτιοόδοι.
1244 3072 1406 3136 Eusebius

295 3199 331 3260 iu
364 3195 525 3262 Chronico
549 3197 693 3280 ejusdem
717 3196 916 3280 olympiadis
939 3216 1064 3259 aunum
1089 3197 1269 3260 secundum
1297 3197 1406 3261 tradit.

294 3321 390 3404 Quod
411 3323 497 3406 apud
521 3323 658 3386 Suidam
681 3323 813 3405 legitur,
838 3341 906 3384 una
930 3326 1059 3384 tantum
1085 3321 1274 3405 olympiade
1294 3321 1336 3385 ab
1358 3322 1407 3384 his

297 3450 494 3514 testimoniis
523 3450 646 3513 differt:
677 3449 775 3512 Σόλων
805 3443 1014 3521 Ἐξηκεστίδου
1045 3446 1209 3520 Ἀθηναῖοι,
1232 3445 1406 3529 φιλόσοφος,

296 3571 449 3649 νομοόὲτης
472 3570 523 3636 καὶ
547 3572 728 3651 δημαγωγὸς
746 3571 848 3651 μέμονε
868 3572 927 3656 [δὲ]
947 3569 997 3635 ἐπὶ
1016 3577 1069 3644 τῆς
1081 3569 1132 3650 μζ’
1152 3569 1405 3656 (τεσσαρακοστῆς

296 3698 446 3784 ἑβδόμης)
472 3697 662 3777 όλνμτιόδος,
687 3698 711 3762 οἱ
734 3697 765 3762 δὲ
787 3696 831 3765 ις’
859 3696 1076 3783 (πεντηκοστῆς
1099 3693 1218 3782 ἕκτης).
1242 3698 1407 3763 Posterior

296 3845 454 3890 numerus
474 3826 648 3891 manifesto
669 3825 769 3887 salsus
790 3830 846 3902 est,
867 3825 946 3907 quia
958 3843 996 3888 eo
1010 3829 1155 3906 tempore
1169 3824 1267 3906 (eirca
1279 3843 1405 3887 annum

297 3953 372 4034 556)
408 3950 560 4015 Solonem
588 3953 658 4033 jam
690 3950 762 4012 vita
791 3949 963 4014 decessisse
988 3949 1133 4012 maxime
1155 3947 1323 4031 probabile
1347 3951 1406 4011 est.

296 4077 331 4140 Si
364 4075 465 4160 igitur
495 4076 684 4140 testimonio
715 4075 869 4158 Diogenis
898 4074 1020 4137 Lae'rtii
1051 4075 1224 4152 oredimus,
1249 4073 1405 4137 Solonem

296 4222 385 4267 anuo
420 4203 483 4264 591
513 4203 703 4267 archontem
733 4203 831 4266 luisse
860 4201 1074 4264 statuendum
1106 4206 1164 4266 est.
1187 4201 1298 4264 Liceat
1324 4199 1409 4262 mihi
