3360 5228
803 615 843 677 27

265 831 361 913 Diog.
396 830 504 893 Lahrt.
539 829 564 893 Ι.
600 829 641 890 48
679 827 884 891 contrarium
919 831 1049 888 narrat:
1085 821 1269 904 ἀνασκάψας
1302 822 1384 895 τινὰς

265 955 381 1038 τύφους
412 951 501 1029 ἔδειξε
531 954 597 1026 τοὺς
628 953 739 1035 νεκροὺς
768 953 836 1034 πρὸς
867 951 1015 1024 νἰνατολύος
1038 950 1267 1033 ἐστραμμένους,
1290 951 1328 1022 ὥς
1351 942 1384 1023 ἦν

266 1083 326 1157 ἕύος
350 1080 468 1148 ύύπτειν
492 1081 662 1158 Ἀθηναίοις.

312 1344 391 1428 Cap.
415 1341 473 1408 XI.
497 1343 695 1408 Plutarchus
719 1344 778 1407 hoc
798 1343 905 1424 capite
923 1343 992 1425 agit
1012 1343 1050 1406 de
1068 1343 1155 1406 bello
1169 1361 1258 1406 sacro
1271 1347 1385 1406 contra

267 1470 453 1535 Cirrhaeos.
479 1469 589 1546 Solon,
612 1470 671 1552 qui
696 1469 781 1533 hello
802 1475 917 1533 contra
936 1471 1141 1552 Megarenses
1159 1469 1384 1533 felicitercon·

267 1598 350 1661 fecto
376 1588 530 1678 maguam
555 1595 695 1679 gloriam
720 1595 782 1660 sibi
803 1601 1065 1677 comparaverat,
1085 1595 1119 1658 in
1142 1596 1263 1676 maj0re
1283 1597 1383 1659 etiam

266 1723 512 1790 existimatione
545 1723 631 1805 apud
656 1741 769 1785 omnes
793 1718 933 1785 Graecos
956 1741 1023 1786 esse
1047 1722 1163 1804 coepit,
1188 1741 1292 1805 quum
1317 1724 1385 1804 ejus

267 1848 405 1912 consilio
441 1847 484 1910 ab
518 1847 819 1930 Amphictyonibus
856 1848 979 1914 bellum
1011 1849 1241 1933 decerneretur
1271 1854 1386 1911 contra

268 1973 450 2052 Cirrhaeos,
475 1974 533 2058 qui
558 1972 707 2056 Apollini
732 1975 892 2056 Delphico
913 1994 1071 2058 magnam
1091 1975 1248 2057 injuriam
1268 1974 1385 2037 iniere·

269 2101 360 2177 hant,
387 2100 552 2163 tributum
578 2100 746 2182 exigentes
769 2099 811 2162 ab
834 2100 998 2177 omnibus,
1022 2100 1081 2183 qui
1105 2099 1275 2162 oraculum
1296 2098 1386 2161 adire

269 2225 427 2290 volebant
461 2224 511 2306 (cf.
544 2224 651 2288 Strah.
682 2224 733 2286 IX
762 2244 792 2307 p.
825 2225 913 2306 418).
938 2222 1035 2305 Quod
1061 2225 1113 2288 hic
1136 2230 1250 2288 narrat
1273 2197 1386 2288 auctor

269 2356 388 2428 noster,
424 2349 552 2414 Solonis
587 2350 721 2413 consilio
757 2349 878 2413 bellum
914 2350 1078 2415 Cirrhaeis
1112 2349 1275 2412 indictum
1308 2368 1385 2426 esse,

269 2477 341 2540 sine
372 2475 474 2540 dubio
506 2475 624 2538 sumsit
647 2495 687 2538 ex
711 2475 882 2538 Aeschinis
905 2477 1053 2539 oratione
1076 2473 1156 2538 κατα
1180 2477 1386 2555 Κτησιφῶντος

269 2622 301 2684 p.
327 2603 409 2664 108:
433 2600 456 2664 ol
479 2597 699 2679 Ἀμφικτύονες
723 2599 909 2680 ἐψηφίσαντο
932 2598 1061 2672 Σόλωνος
1084 2598 1209 2672 εἰπόντος
1233 2599 1386 2674 Ἀύηναίου

268 2726 321 2800 τὴν
343 2726 465 2805 γνώμην
489 2725 702 2806 ἐπιστρατεύειν
727 2724 776 2789 ε’π1
799 2725 865 2798 τοὺς
888 2727 1013 2804 ἐναγεῖς.
1038 2727 1108 2792 Hoc
1126 2727 1204 2790 inde
1224 2729 1387 2810 conjicere

267 2855 354 2932 licet,
377 2854 464 2936 quod
488 2853 614 2936 ipsein
639 2853 703 2918 fine
724 2853 841 2935 capitis
862 2851 1056 2916 Aeschinem
1079 2853 1241 2916 nominat.
1260 2854 1384 2916 Ducem

271 2980 346 3044 belli
377 2999 418 3043 ex
448 2979 618 3061 Delphicis
648 2979 896 3042 commentariis
922 2977 982 3064 (rol
1006 2981 1135 3058 Δελφῶν
1158 2976 1383 3062 ὑπομνήματα)

268 3126 335 3170 uon
359 3105 523 3184 Solonem,
548 3105 635 3187 quod
659 3105 859 3188 Hermippus
877 3106 1065 3168 Euanthem
1086 3105 1239 3169 Samium
1259 3106 1387 3169 tradere

269 3231 357 3309 dicit,
389 3232 444 3294 sed
476 3231 713 3294 Alcmaeonem
745 3231 846 3294 fuisse
877 3232 986 3294 101011.
1010 3231 1156 3314 Reliqui,
1181 3232 1237 3314 qui
1262 3231 1302 3294 dc
1327 3231 1387 3294 hoc

269 3356 355 3421 bello
378 3357 578 3438 scripserunt
601 3363 761 3432 auctores,
786 3355 1003 3433 Clisthenem,
1025 3357 1254 3440 Sicyoniorum
1275 3365 1386 3440 tyran-

270 3505 362 3560 num,
387 3483 589 3566 expeditioni
613 3484 788 3566 praefuisse
810 3484 989 3548 memoriae
1009 3485 1161 3566 produnt,
1181 3484 1219 3547 ct.
1233 3483 1330 3545 Paus.
1344 3483 1387 3559 X,

270 3609 322 3686 37,
344 3628 376 3691 p.
401 3609 463 3670 891
487 3613 628 3685 πολεμεῖν
651 3601 697 3672 οὖν
721 3608 789 3689 πρὸς
812 3607 878 3680 τοὺς
898 3607 1039 3688 Κιρραίους
1059 3605 1153 3683 ἔδοξεν
1173 3604 1386 3689 Ἀμφικτύοσι,

269 3731 321 3797 καὶ
352 3731 522 3806 Κλεισθένην
552 3756 585 3797 τε
615 3733 772 3796 Σικυωνίων
802 3737 996 3814 τυραννοῦντα
1019 3733 1232 3815 προεστήσαντο
1255 3731 1388 3811 ύγεμύυα

269 3852 338 3921 εἶναι
368 3856 417 3921 καὶ
440 3855 560 3921 Σύλυυα
587 3857 773 3936 ε’πηγύγοντο
795 3857 1014 3937 συμβουλεύειν,
1040 3861 1078 3924 cf.
1103 3862 1202 3924 eliam
1228 3860 1387 3942 Polyaen.

270 3985 408 4068 Strateg.
432 3985 504 4048 Lib.
528 3983 590 4064 III,
617 3987 634 4047 5
661 3986 831 4066 01111001.
856 3987 997 4068 Strateg.
1017 3985 1076 4064 III,
1103 3986 1130 4063 7,
1151 3986 1387 4068 6110010000-

271 4120 318 4176 tes
347 4109 531 4175 sententiae
555 4111 604 4173 ita
627 4112 715 4175 iuter
738 4130 771 4173 se
794 4112 947 4194 componi
973 4117 1121 4193 possunt,
1147 4119 1183 4174 ut
1207 4111 1385 4175 Athenien·

270 4238 353 4299 sium
385 4238 486 4319 copiis
518 4238 751 4305 Alcmaeonem
781 4239 960 4321 praefuisse
982 4259 1155 4320 ponamus,
1180 4237 1383 4321 reliquorum

270 4363 468 4427 Graecorum
494 4361 709 4442 Clisthenem,
727 4383 826 4447 quem
848 4364 946 4429 Solon
968 4366 1106 4428 oonsilio
1119 4365 1299 4448 adjuvaret.
1313 4362 1386 4447 Quo
