3360 5228
822 541 840 601 8

318 749 367 811 lb.
397 744 537 828 παροὶρων
568 746 668 810 ἑαυτόν
700 748 788 830 quod
819 767 860 812 ex
887 747 1011 829 Bryoni
1037 749 1236 812 correctione
1258 767 1317 830 pro
1342 749 1388 810 vi-

276 875 359 938 tiose
384 873 544 938 Codicum
568 875 710 938 lectione
737 855 888 953 περιαρσοα
907 893 1029 950 omnes,
1049 873 1137 956 quod
1156 874 1232 951 scio,
1253 874 1391 937 editores

274 1005 403 1084 praeter
434 1000 610 1063 Reiskium
642 1008 844 1083 receperunt,
876 1001 1054 1082 significet:
1084 1000 1254 1063 relaxandi
1284 1000 1388 1062 animi

274 1126 390 1208 gretie.
413 1123 510 1189 Hunc
535 1145 602 1189 esse
626 1127 724 1209 hujus
747 1127 926 1190 locutionis
948 1145 1082 1190 sensum
1105 1126 1228 1208 optime
1246 1125 1389 1208 intelligi

274 1256 379 1335 potest
414 1271 454 1316 ex
483 1252 553 1315 loco
585 1251 743 1329 Platonis,
775 1251 832 1316 ubi
862 1252 962 1316 etiam
995 1270 1101 1314 sermo
1125 1256 1173 1314 est
1195 1249 1234 1314 de
1259 1249 1389 1312 Solonis

274 1379 355 1440 artis
388 1378 533 1459 po'e'ticoe
564 1378 680 1441 studio.
709 1376 812 1441 Locus
843 1377 948 1440 estin
972 1376 1117 1453 Timaeo,
1142 1395 1172 1458 p.
1197 1375 1285 1438 ilc:
1309 1371 1390 1452 εἴγε

276 1501 318 1580 μὴ
344 1500 522 1583 παρέργῳ
546 1509 581 1582 τῇ
604 1500 714 1575 ποιήσει
737 1501 953 1582 κατεχρήσατο,
972 1499 1043 1564 ἀλλ’
1067 1497 1238 1564 ἐσπουδάκει
1261 1497 1390 1580 καθάπερ

276 1625 369 1692 ἄλλοι.
404 1629 528 1693 Eodem
564 1649 660 1693 sensu
695 1636 811 1692 auctor
845 1634 955 1692 noster
986 1631 1025 1692 c.'
1044 1629 1085 1690 39
1119 1648 1197 1692 usus
1219 1633 1267 1692 est
1290 1627 1390 1691 verbo

276 1753 498 1837 παραπέμπαοι
531 1763 627 1836 σχολῇ
652 1753 706 1820 καὶ
727 1755 832 1838 παιδιᾷ
855 1753 905 1820 καὶ
930 1754 963 1829 οἰκ
989 1755 1048 1820 Δία
1070 1763 1169 1829 ποσοῖς
1192 1755 1243 1821 καὶ
1267 1765 1389 1840 μουσικῇ

276 1880 483 1962 παραπέμπων
506 1879 616 1945 ἑαυτόν.

319 2133 367 2196 Ib.
394 2100 433 2194 l8
458 2128 520 2195 ἔνιοι
544 2130 575 2195 δέ
596 2136 689 2213 Φασοα
713 2156 740 2197 κ.
755 2156 782 2194 π.
796 2146 823 2196 λ.
850 2131 972 2196 Narrat
995 2121 1193 2196 Plutarchus
1216 2133 1314 2197 luisse
1333 2135 1392 2216 qui

283 2261 449 2324 traderent
478 2261 628 2326 Solonem
657 2281 733 2325 suas
756 2263 843 2345 leges
866 2267 967 2326 metro
991 2261 1136 2344 illigasse
1159 2281 1280 2344 eosque
1303 2281 1393 2325 exor-

277 2388 369 2450 dium
402 2389 497 2472 lrujus
527 2390 684 2453 carminis
709 2391 889 2455 memoriae
912 2389 1101 2472 prodidisse.
1126 2391 1153 2452 E
1178 2389 1296 2468 verbis,
1320 2391 1392 2473 qui·

280 2514 339 2578 bus
372 2520 488 2578 auctor
521 2520 631 2580 noster
664 2517 699 2578 in
735 2516 795 2580 hec
830 2534 865 2579 re
899 2516 1189 2580 commemorando
1222 2532 1300 2579 usus
1333 2521 1391 2594 est,

277 2641 456 2704 necessario
480 2640 571 2723 sequi
596 2642 679 2704 mihi
706 2643 836 2705 videtur
860 2642 969 2722 ipsum
997 2641 1127 2704 Solonis
1147 2641 1297 2704 carmine
1316 2647 1393 2704 ente

278 2765 388 2830 oculos
418 2786 484 2830 nou
516 2767 678 2844 habuisse,
710 2767 764 2830 sed
796 2787 859 2845 eos,
884 2787 966 2850 quos
989 2767 1104 2830 laudat
1128 2767 1258 2832 Solonis
1282 2787 1393 2832 versus

277 2890 363 2972 apud
386 2891 467 2955 alios
490 2892 663 2974 scriptores
686 2892 860 2982 invenisse.
885 2891 919 2954 Si
939 2891 1028 2955 enirn
1050 2893 1162 2956 omnia
1183 2891 1393 2956 Solonisoar·

280 3017 371 3079 mine
407 3018 442 3079 iu
480 3037 585 3080 unum
617 3017 739 3082 librum
772 3017 911 3082 collecte
941 3018 971 3081 ei
1002 3018 1036 3079 in
1071 3018 1224 3081 menibus
1248 3018 1393 3093 fuissent,

277 3143 374 3226 (quod
411 3149 524 3206 eutem
559 3142 648 3224 opud
684 3143 769 3206 Plut.
803 3142 891 3206 Tim.
924 3161 956 3224 p.
990 3142 1065 3205 21b
1097 3142 1229 3224 legitur,
1254 3142 1395 3206 Athenis

277 3289 394 3352 pueros
420 3269 599 3332 multorum
627 3275 797 3352 politorum
823 3267 970 3332 carmine
991 3269 1131 3332 ediscere
1148 3275 1248 3350 etque
1267 3269 1395 3333 Solonis

280 3414 393 3458 versus
416 3394 590 3458 decantare
613 3395 726 3472 solere,
750 3394 783 3457 id
807 3394 1004 3458 documento
1028 3413 1094 3489 esse
1118 3399 1234 3476 potest,
1253 3393 1394 3476 untiqui-

279 3526 332 3583 tus
355 3520 547 3584 fasciculum
572 3521 885 3584 carminoSolonea
905 3493 1175 3601 complectentem
1198 3521 1307 3603 luisse)
1328 3541 1395 3584 non

279 3651 349 3709 eret
378 3645 466 3728 quod
498 3646 664 3709 dubitaret
688 3651 800 3708 utrum
825 3645 987 3709 distichon
1013 3645 1144 3708 Solonis
1167 3650 1250 3708 esset
1274 3664 1395 3724 necne;

279 3772 306 3834 si
338 3771 427 3834 enim
461 3771 615 3834 fasciculo
640 3770 1022 3848 continebantur·,e1·ont
1044 3789 1156 3832 versus
1180 3770 1222 3833 ab
1245 3770 1315 3852 ipso
1341 3771 1395 3835 So·

281 3897 356 3960 lone
387 3897 573 3978 conscripti,
602 3897 651 3959 sin
678 3896 798 3973 nunus,
822 3895 981 3978 suppositi
1006 3901 1110 3958 erant.
1135 3895 1247 3958 Exeo
1272 3902 1395 3974 cutem,

279 4023 366 4105 quod
386 4022 525 4086 eliorum
547 4022 744 4086 auctoritate
764 4022 861 4083 nixus
883 4022 940 4084 hos
962 4039 1071 4083 versus
1091 4021 1271 4103 exscripsit,
1285 4021 1395 4103 ipsum

280 4145 407 4211 Solonis
438 4149 586 4210 carmine
611 4167 677 4210 non
701 4147 882 4230 inspexisse
906 4147 1086 4210 necessario
1109 4146 1320 4210 statuendum
1346 4167 1395 4209 or·

282 4273 393 4337 bitror.
