3360 5228
843 560 864 620 4

294 765 367 842 XV,
398 784 428 848 p.
460 766 562 848 3961)
594 767 781 849 appellatur
810 767 822 830 d
854 768 1087 848 Κολλομοέχεοος,
1117 773 1139 834 i.
1165 791 1192 834 e.
1218 772 1397 855 disprulus

294 889 502 967 Callimachi,
536 892 711 954 clarissimi
736 890 824 956 illius
847 900 961 976 politae
985 903 1083 979 atque
1106 899 1322 978 grammatici,
1346 899 1406 980 qui
1501 919 1506 933 ·

295 1016 356 1078 sub
386 1017 575 1080 Ptolemaeo
605 985 639 1079 II
671 1018 886 1102 Philadelpho
916 1019 1136 1110 Alexandriae
1159 1011 1338 1104 praelectus
1363 1023 1408 1086 bi-

293 1143 477 1206 bliothecae
508 1151 587 1222 erat,
619 1144 707 1207 circa
738 1141 790 1208 Ol.
824 1145 897 1208 124.
930 1146 1028 1210 Hunc
1061 1147 1279 1230 Hermippum
1306 1149 1410 1231 igitur

295 1268 485 1332 Ptolemaeo
517 1270 618 1332 tertio·
643 1275 676 1332 11
706 1276 824 1352 quarto
855 1273 1071 1352 regnantibus
1103 1274 1197 1337 tertio
1220 1293 1250 1336 a.
1276 1269 1352 1339 Chr.
1375 1295 1408 1338 n.

293 1395 402 1457 seculo
435 1395 581 1457 floruisse
616 1400 870 1460 consentaneum
907 1401 965 1460 est.
1000 1398 1051 1460 Ex
1088 1418 1216 1481 magna,
1254 1400 1312 1481 qrti
1347 1400 1409 1464 sub

294 1520 466 1603 Hermippi
487 1521 622 1583 nomine
647 1521 797 1585 feruntur
821 1522 981 1614 librorum
1006 1524 1108 1604 copia,
1131 1544 1225 1607 opus,
1249 1527 1337 1607 quod
1360 1527 1409 1588 iu-

294 1647 448 1710 scribitur
479 1646 544 1719 Blor,
578 1647 630 1710 hic
659 1632 730 1711 illio
754 1649 842 1730 apud
865 1628 1046 1732 Diogenem
1069 1651 1237 1714 Labrtium
1266 1670 1408 1715 comme-

296 1778 473 1850 moratum,
507 1774 543 1855 (Ι,
573 1775 624 1852 33,
650 1771 694 1850 II,
720 1775 771 1851 13,
789 1775 836 1852 .V,
858 1775 889 1856 2)
916 1775 1001 1838 haud
1026 1775 1125 1839 dubie
1149 1774 1407 1840 Callimachium

294 1902 461 1961 auctorem
497 1899 621 1984 babuit.
653 1899 758 1982 HuJus
789 1900 895 1982 operis
925 1900 1074 1982 plerique
1099 1907 1206 1982 partes
1229 1903 1327 1966 fuisse
1351 1923 1409 1985 pu-

294 2029 365 2087 tant
388 2024 488 2087 libros
506 2021 568 2104 περὶ
589 2026 644 2086 τῶν
667 2022 746 2086 {aad
769 2027 867 2104 σοφῶν
891 2025 1023 2108 (Athen.
1048 2026 1090 2102 X,
1112 2047 1141 2109 p.
1164 2028 1227 2089 443
1240 2029 1271 2109 a)
1292 2033 1324 2090 11
1346 2025 1408 2108 περ)

293 2149 448 2226 νομοθετῶν
468 2149 601 2230 (Athen.
621 2149 715 2213 XIII.
734 2170 765 2233 p.
787 2151 848 2212 555
863 2173 889 2226 c,
903 2150 960 2228 IV,
973 2171 1004 2232 p.
1020 2151 1082 2212 154
1094 2152 1125 2230 d,
1138 2151 1229 2228 XIV,
1242 2171 1272 2234 p.
1287 2153 1349 2215 619
1365 2153 1408 2235 b).

294 2246 401 2339 Multa
423 2279 545 2351 autem,
567 2295 653 2358 quae
675 2276 870 2370 Plutarchus
891 2296 994 2359 quum
1016 2279 1057 2340 ad
1077 2259 1206 2342 Solonis
1219 2278 1321 2341 vitam
1338 2286 1408 2342 tum

182 2476 183 2484 ἵ
293 2402 335 2463 ad
359 2404 426 2483 ejus
449 2403 535 2484 leges
558 2403 759 2483 pertinentia
784 2403 891 2466 hicet
915 2400 997 2466 alibi
1021 2403 1145 2480 attulit,
1171 2404 1332 2486 originem
1353 2405 1410 2467 du·

292 2546 365 2590 cere
382 2547 422 2590 ex
442 2528 613 2611 Hermippi
634 2547 730 2611 opere
748 2503 1028 2591 verisimillimum
1044 2537 1101 2592 est.
1116 2529 1272 2592 Attamen
1286 2530 1408 2593 idcirco

291 2672 358 2714 non
388 2653 465 2716 11111
494 2653 657 2727 affirmare
685 2655 901 2717 Plutarchum
937 2655 1006 2736 ipsa
1029 2655 1200 2737 Hermippi
1226 2656 1346 2739 acripta
1372 2657 1405 2718 in

293 2779 446 2842 manibus
471 2778 631 2842 habuisse.
656 2779 761 2843 Immo
786 2781 820 2842 in
845 2781 885 2842 iis
909 2781 1067 2861 partibus,
1089 2781 1123 2843 in
1144 2781 1264 2863 quibus
1279 2781 1408 2844 Plutar-

292 2904 371 2965 chus
400 2904 439 2966 de
471 2904 598 2967 Solonis
630 2906 699 2967 vita
728 2905 856 2987 privata
885 2906 1047 2988 exposuit,
1071 2907 1149 2968 satis
1174 2912 1308 2988 apparet
1331 2927 1405 2970 111111

291 3029 464 3113 Hermippi
487 3033 608 3113 scripta
631 3051 696 3094 riou
718 3032 909 3113 inspexisse,
930 3033 985 3095 sed
1006 3051 1045 3094 ex
1065 3031 1140 3093 aliis
1154 3035 1282 3094 tantum
1296 3039 1408 3096 aucto-

291 3155 383 3217 ribus
407 3163 446 3218 ea
468 3157 597 3238 cognita
623 3156 783 3220 habuisse.
808 3155 923 3238 Capite
942 3158 1051 3240 primu
1073 3164 1185 3219 narrat
1208 3141 1406 3222 Plutarchus

291 3300 404 3344 omnes
440 3302 505 3345 uno
541 3301 593 3344 ore
625 3283 779 3346 Solonem
811 3284 1023 3347 Execestidae
1054 3283 1159 3346 filium
1193 3283 1310 3360 dicere,
1344 3274 1409 3347 viri

291 3408 406 3488 opibus
435 3415 467 3470 et
498 3409 645 3491 potentia
667 3409 754 3472 inter
779 3410 865 3472 cives
893 3409 1074 3487 mediocris,
1098 3410 1183 3491 quod
1209 3411 1294 3473 nihil
1317 3411 1409 3474 aliud
1507 3483 1509 3488 ¹

292 3535 473 3616 significare
507 3554 597 3617 posse
630 3527 769 3631 videtur,
803 3554 903 3617 quam
936 3535 1064 3598 Solonis
1094 3542 1221 3619 patrem
1247 3537 1407 3618 inparve

292 3660 492 3740 patrimonio
518 3665 631 3722 natum
657 3660 770 3736 fuisse;
794 3659 934 3723 secundo
960 3665 1069 3723 autem
1091 3662 1206 3742 capite,
1225 3661 1409 3742 quodiver-

291 3803 356 3860 sae,
380 3802 465 3865 quae
488 3784 527 3847 de
550 3784 679 3847 Solonis
702 3785 1005 3867 peregrinationum
1034 3785 1139 3848 causis
1163 3786 1314 3848 feruutur
1338 3805 1408 3848 sen-

293 3909 416 3971 tentiae
446 3911 668 3986 continentur,
700 3917 792 3993 pater
823 3910 1030 3973 Execestides
1061 3911 1241 3994 Hermippo
1274 3917 1407 3974 auctore

293 4023 518 4100 unuriticentia
548 4043 581 4100 et
606 4038 836 4120 largitionibus
860 4038 994 4100 divitias
1019 4039 1201 4101 attriverat.
1225 4038 1320 4102 Hauc
1344 4039 1407 4100 dis·

290 4163 472 4226 sensionem
496 4163 543 4224 ita
567 4163 795 4243 explicandam
819 4162 972 4240 arbitror,
994 4168 1030 4225 ut
1047 4163 1262 4226 Plutarchum
1287 4171 1405 4227 neutro

292 4287 361 4351 loco
380 4287 597 4370 Hermippum
618 4288 725 4370 ipsum
746 4288 934 4353 adhibuisse
954 4293 1149 4368 statuamus,
1163 4289 1243 4370 quia
1256 4286 1406 4372 alioquin
