3360 5228
825 544 865 605 38

290 750 444 824 Ἀθηναῖοι,
468 751 517 814 καὶ
540 751 587 816 τὸν
612 750 696 816 θέντα
715 751 763 816 τθν
783 749 868 829 νόμον
887 747 1025 826 ἐξετάσαι
1038 751 1168 824 Σόλωνα,
1181 748 1232 814 καὶ
1245 748 1400 814 θειθσασθαι

292 873 358 948 θσιιν
390 873 517 956 στρθνοιαν
548 877 665 941 ἐποιεῖτο
694 877 722 940 ἐν
746 873 856 941 θθτασιν
881 871 919 948 οἷς
944 876 1024 940 ἐτίθει
1050 874 1145 954 νθμοις
1167 881 1221 948 τῆς
1244 874 1401 948 πολιτείας,

291 999 340 1063 καὶ
370 998 424 1081 ap
455 999 519 1081 περὶ
550 1000 656 1064 τούτων
685 1003 801 1078 μᾶλλον
824 999 1000 1081 ἐσπούδαζεν
1023 999 1039 1075 ἢ
1065 999 1128 1082 περὶ
1152 999 1402 1081 τοῦπράγματος

291 1119 323 1188 οὗ
345 1125 429 1198 τιθεθν
453 1125 501 1190 τὸν
525 1125 618 1203 νόμον,
643 1127 728 1190 Xen.
750 1125 854 1190 Coun.
877 1127 967 1206 VIII,
993 1128 1033 1190 39
1057 1127 1155 1191 Σόλων
1179 1125 1281 1203 νόμους
1303 1125 1401 1206 κρατθ-

291 1273 376 1322 στονς
405 1258 441 1330 τῇ
473 1248 554 1314 τθιιει
587 1248 683 1323 ἔθηκεν
716 1252 814 1333 (qnod
838 1253 1059 1334 reponendum
1084 1257 1131 1314 est
1154 1271 1212 1334 pro
1236 1249 1401 1323 κατέθηκεν,

292 1378 330 1441 cl.
344 1375 424 1440 eob.
448 1377 532 1441 Nov.
556 1378 658 1441 Lectt.
679 1397 710 1459 p.
728 1377 819 1458 640),
840 1383 954 1441 contra
965 1376 1142 1441 Aeschines
1154 1375 1233 1439 κατθι
1245 1374 1404 1456 Τιμάρχου

290 1522 363 1585 pag.
389 1503 450 1566 ris
473 1504 515 1566 ad
537 1502 755 1566 Athenienses
778 1503 875 1566 dicit:
895 1498 1026 1575 ἐπιδέξιοι
1046 1501 1072 1564 δ’
1093 1494 1173 1579 οἶμαι
1185 1500 1293 1582 Φύντες
1305 1499 1403 1582 ἑτέρων

292 1629 408 1704 μᾶλλον
431 1627 545 1700 εἰκότως
568 1626 745 1699 καλλίστους
766 1628 868 1704 νόμους
888 1626 1002 1691 τίθεσθε.
1026 1629 1150 1691 Eodem
1171 1628 1404 1692 mod0e1·ravit

291 1753 491 1816 Plutarchus
520 1753 554 1814 in
584 1753 828 1834 comparatione
852 1753 980 1816 Solonis
1004 1758 1035 1817 et
1058 1729 1256 1834 Poplicolae,
1279 1772 1348 1834 cap.
1374 1749 1407 1831 3,Ι

292 1873 305 1940 θ
329 1876 384 1953 μὲν
406 1875 463 1957 rip
487 1879 539 1960 (sc.
563 1877 576 1940 θ
598 1874 707 1961 Σθλοιν)
731 1874 798 1955 ι’θμα
822 1877 861 1957 τῷ
885 1875 980 1941 θέσθαι
1003 1876 1069 1949 τοὺς
1093 1876 1204 1955 νόμους,
1228 1884 1260 1942 et
1283 1879 1317 1942 in
1336 1897 1403 1961 sep·

292 2007 359 2066 tem
384 2024 451 2086 sap.
476 2024 569 2067 conv,
591 2024 660 2085 cap.
689 2005 704 2068 7
732 2003 757 2084 (θ
779 2001 889 2087 Σθιιον)
916 2001 1018 2081 νθμοιις
1040 2003 1200 2076 Ἀθαναίοις
1224 2002 1346 2081 θέμενος.

339 2249 388 2316 Ib.
420 2251 491 2314 aaa*
522 2247 540 2331 ᾖ
561 2251 615 2329 μὲν
638 2249 749 2333 θοιστον
773 2246 815 2325 ἦν,
839 2253 890 2315 οὐκ
910 2251 1063 2329 ἐπήγαγεν
1088 2250 1221 2332 ἰατρείαν.
1246 2252 1405 2316 Homtnes

298 2379 384 2443 docti
419 2378 580 2442 vocabulo
615 2377 728 2458 ἄριστον
759 2379 883 2457 offensi,
912 2380 1057 2442 diversos
1087 2379 1122 2440 in
1155 2379 1265 2442 modos
1295 2378 1404 2440 locum

293 2525 409 2568 sanare
434 2505 542 2568 conati
566 2510 652 2582 sunt,
677 2525 734 2588 pro
757 2503 870 2585 ἄριστον
896 2505 1153 2586 Wyttenbachio
1177 2500 1304 2583 αρεστθν,
1329 2523 1406 2566 ano·

294 2651 395 2712 nymo
416 2626 543 2701 θνεατθν,
565 2631 816 2694 Wrstcrmanno
836 2627 958 2692 θιτιστον
976 2630 1223 2712 corrigentibus.
1238 2628 1405 2706 Attamen,

294 2761 456 2840 quantum
487 2776 545 2838 ego
570 2757 717 2839 judicare
742 2775 883 2838 possum,
906 2757 1026 2818 nodum
1050 2755 1084 2817 in
1110 2755 1214 2837 scirpo
1237 2755 1406 2836 quaesive-

293 2887 381 2959 runt,
405 2886 441 2944 ut
465 2883 569 2963 ajunt,
593 2882 672 2964 quia
692 2881 826 2964 vulgata
845 2882 1025 2945 rectissime
1045 2901 1078 2944 sc
1099 2881 1206 2943 habet.
1224 2881 1301 2942 Loci
1314 2882 1405 2943 enim

293 3026 406 3070 sensus
431 3006 483 3069 hic
506 3011 569 3069 est:
595 3025 668 3069 eam
695 3007 903 3083 medicinam,
928 3025 1027 3089 quam
1050 3025 1150 3068 uuam
1174 3005 1324 3068 omnium
1347 3025 1408 3086 op·

297 3133 439 3195 timam
476 3151 544 3196 esse
579 3132 812 3210 arbitrabatur,
847 3153 913 3196 non
948 3133 1109 3210 adhibuit,
1140 3131 1266 3195 veritus
1295 3151 1347 3210 ne,
1380 3133 1408 3194 si
1453 3168 1454 3172 =

295 3257 408 3320 omnia
432 3256 654 3334 confunderet,
674 3257 865 3338 perturbata
886 3261 953 3321 tota
971 3257 1106 3320 civitate
1131 3257 1262 3319 adeam
1284 3258 1409 3338 optima

294 3381 422 3444 ratione
457 3382 704 3464 temperandam
736 3383 823 3446 vires
853 3402 887 3446 se
920 3381 1105 3446 deficerent.
1136 3381 1209 3445 Non
1240 3383 1410 3464 proposuit

296 3505 393 3587 leges,
423 3523 508 3586 quae
542 3506 605 3568 sibi
638 3507 826 3586 optimae
857 3506 1059 3584 viderentur,
1089 3507 1170 3588 quia
1192 3507 1409 3571 Athenienses

296 3649 350 3694 eas
373 3649 437 3694 non
461 3631 661 3712 accepissent
684 3637 819 3713 ortaque
842 3631 999 3694 seditione
1023 3632 1091 3713 ipse
1114 3632 1314 3714 reipublicae
1339 3634 1409 3696 reli·

297 3756 430 3820 ciendae
453 3757 561 3838 impar
585 3755 715 3818 luturus
734 3761 825 3819 essct.
846 3755 933 3818 Illud
950 3760 1061 3819 autem
1083 3757 1283 3820 vocabulum
1296 3752 1409 3837 ἄριστον

296 3881 424 3944 Solonis
446 3881 556 3944 verbis
579 3881 772 3963 paulopost
796 3900 815 3943 a
838 3881 1017 3944 Plutarcho
1041 3881 1195 3961 laudatis,
1219 3878 1277 3945 ὅθεν
1297 3879 1410 3962 ὕστερον

297 4003 451 4086 ἐρωτηθεὶς,
476 4003 499 4067 εἰ
519 4003 585 4076 τοὺς
604 4003 785 4085 οὶρθστονς
804 4004 965 4078 Ἀθαναίοις
983 4003 1085 4082 νθμονς
1104 4003 1241 4086 ἔγραψεν,
1264 4003 1329 4085 „cir
1342 4005 1409 4080 θιν,”

297 4127 365 4210 ἔφη,
390 4177 409 4206 „
419 4125 624 4209 προσεδέξαντο
647 4129 713 4201 τοὺς
734 4128 887 4210 αοθστονς”
911 4131 1133 4209 confirmatur,
1155 4137 1200 4209 ut,
1220 4133 1300 4214 quin
1322 4138 1409 4196 recte

296 4257 331 4318 in
355 4255 520 4319 codicibus
544 4256 701 4337 scriptum
726 4256 777 4333 sit,
801 4255 886 4318 nihil
911 4255 1002 4317 dubii
1029 4254 1247 4338 relinquatur.
