3360 5228
805 565 844 628 17

263 773 470 857 navigarent.
500 775 704 856 Megarenses
725 775 837 838 statim
863 794 982 838 navem
1010 776 1173 840 militibus
1196 754 1379 859 complent,

265 917 366 980 quarn
397 917 500 980 quum
535 898 631 962 Solon
656 899 974 982 appropinquantem
1001 902 1291 980 animadverteret,
1318 923 1386 966 mu·

265 1023 361 1086 lieres
383 1021 474 1087 abire
492 1025 599 1107 jussit,
623 1025 843 1092 adolescentes
869 1046 946 1091 vero
968 1027 1133 1092 imberbes
1155 1029 1299 1093 vestibus
1314 1050 1385 1093 urn-

265 1148 424 1212 liebribus
456 1148 588 1213 indutos
620 1150 755 1214 lusitane
788 1159 820 1214 et
851 1151 971 1216 saltare
1002 1153 1037 1215 in
1068 1153 1163 1216 litore
1187 1135 1387 1236 pugionibus

265 1273 326 1336 sub
349 1279 438 1337 veste
462 1274 592 1337 abditis.
619 1275 822 1358 Megarenses
845 1295 953 1358 quum
977 1297 1098 1342 navem
1123 1279 1326 1362 appulissent
1350 1286 1382 1344 et

266 1398 358 1461 velut
392 1399 533 1463 feminas
567 1402 694 1483 capturi
726 1402 762 1464 in
794 1407 916 1466 terram
949 1403 1167 1484 desiluissent,
1199 1425 1313 1470 omnes
1343 1406 1386 1468 ab

266 1523 524 1591 Atheniensibus
547 1527 711 1590 interfecti
735 1532 823 1590 sunt.
848 1528 892 1592 fli
916 1535 1028 1592 autem
1047 1529 1159 1593 statim
1181 1531 1383 1595 Salaminem

266 1652 401 1734 profecti
439 1652 535 1716 facile
566 1652 678 1715 insula
708 1653 803 1734 potiti
836 1659 922 1717 sunt.
947 1654 1038 1717 Idem
1065 1656 1199 1719 nornine
1223 1654 1387 1720 Pisistrati

266 1784 395 1840 tantum
430 1778 549 1841 omisso
573 1782 687 1840 narrat
711 1777 899 1859 Polyaenus
924 1780 1064 1862 Strateg.
1088 1779 1113 1857 I,
1139 1782 1190 1859 20,
1217 1783 1246 1845 1.
1271 1779 1387 1865 Capite

266 1923 354 1967 nono
384 1903 582 1966 Plutarchus
612 1904 725 1968 scribit
743 1923 842 1986 ,quae
874 1905 959 1987 apud
983 1906 1066 1970 alios
1089 1911 1240 1970 auctores
1262 1908 1302 1972 de
1327 1907 1387 1972 hac

267 2030 476 2113 expeditione
498 2031 725 2094 inveniantur.
751 2030 903 2093 Primum
927 2033 1016 2095 enim
1037 2004 1174 2095 tradunt
1195 2032 1384 2116 Apollinem

266 2157 462 2239 Delphicum
485 2157 597 2221 Solcni
621 2127 800 2221 oraculum
816 2157 951 2236 dedisse,
976 2163 1013 2220 ut
1037 2160 1326 2241 l1e1·oas,qu0rum
1352 2161 1387 2222 in

266 2283 328 2346 fide
350 2259 462 2345 insula
484 2287 576 2361 esset,
603 2284 703 2346 sacris
724 2287 935 2346 veneraretur
942 2309 951 2361 3
972 2271 1123 2348 Solonem
1145 2285 1385 2348 autemstatim

267 2408 326 2472 deo
358 2408 645 2492 obtemperavisse,
677 2408 794 2492 deinde
825 2409 869 2472 ab
900 2408 1160 2474 Atheniensibus
1189 2405 1387 2495 quingentos
1466 2487 1471 2498 ι
1505 2369 1508 2376 .
1568 2457 1572 2468 .

267 2536 474 2600 voluntarios
498 2535 668 2618 accepisse,
694 2555 792 2618 penes
816 2555 907 2618 quos,
932 2535 959 2598 si
979 2533 1123 2598 insulam
1137 2535 1388 2620 expugnassent,

267 2664 443 2727 arbitrium
469 2663 670 2746 reipublicae
696 2663 745 2726 ibi
765 2663 1015 2726 constituendae
1034 2662 1183 2725 futurum
1206 2668 1305 2741 essct3
1325 2663 1389 2726 Me·
1434 2705 1439 2720 .

266 2809 428 2872 garenses,
453 2790 555 2854 allato
580 2790 698 2853 nuntio
723 2787 939 2852 Athenienses
963 2808 1039 2852 cum
1065 2789 1208 2853 navibus
1231 2790 1388 2855 advenire

267 2921 366 2999 atque
384 2918 454 2999 jam
479 2935 578 2999 prope
603 2914 808 2978 Salaminem
833 2933 972 2978 ancoras
990 2911 1113 2996 jecisse,
1135 2933 1237 2976 unam
1255 2933 1388 2993 navem,

266 3042 348 3124 quid
379 3043 485 3107 hostes
513 3046 657 3126 agerent,
684 3042 886 3125 speculatum
913 3040 1055 3103 misisse.
1081 3035 1156 3118 Qua
1178 3034 1331 3122 o'ppressa
1355 3046 1389 3104 et

267 3169 302 3232 in
326 3169 460 3233 vincula
477 3170 631 3252 conjectis
650 3168 897 3252 Megarensibus
915 3166 1070 3230 Solonem
1084 3163 1224 3231 delectos
1236 3187 1276 3232 ex
1289 3165 1389 3230 Athe-

268 3294 438 3358 niensibus
481 3295 559 3357 navi
593 3295 797 3377 imposuisse,
832 3294 955 3377 quibus
988 3296 1180 3379 imperasset
1213 3299 1250 3356 ut
1285 3311 1386 3374 quam

269 3419 488 3485 occultissime
518 3421 638 3485 'urbem
662 3425 821 3502 peterent,
847 3421 955 3503 ipsum
981 3440 1057 3484 cum
1084 3419 1200 3483 ceteris
1226 3416 1385 3481 militibus

268 3565 380 3628 pugna
416 3547 560 3610 terrestri
594 3552 710 3610 contra
741 3547 846 3610 hostes
880 3546 1063 3624 dimicasse,
1093 3542 1160 3628 qno
1193 3545 1244 3621 iis,
1269 3544 1327 3626 qui
1352 3541 1386 3604 in

267 3672 349 3734 navi
380 3678 495 3750 essent,
528 3670 620 3735 urbis
653 3670 864 3754 occupandae
894 3671 1087 3734 facultatem
1112 3669 1300 3752 praeberet,
1325 3653 1385 3732 hoc
1454 3653 1455 3658 ἵ

238 3872 243 3883 Ι
269 3797 364 3862 modo
395 3798 568 3862 victoriam
602 3796 641 3860 de
671 3797 920 3880 Megarensibus
952 3801 1153 3880 reportatam
1187 3815 1264 3872 esse,
1296 3796 1389 3878 cujus

267 3922 302 3983 in
329 3922 523 3985 memoriam
549 3922 702 3986 Solonem
726 3921 872 4003 Mnyalio
892 3921 1052 3985 sacellum
1074 3939 1285 3986 consecrasse.
1299 3920 1389 3982 Haec

268 4053 345 4110 sunt
369 4065 455 4129 quae
477 4047 675 4112 Plutarchus
702 4047 740 4112 de
764 4047 935 4110 Salamine
959 4044 999 4110 ab
1023 4046 1282 4110 Atheniensibus
1302 4045 1390 4108 Solo·

269 4174 321 4236 nis
352 4173 454 4237 ductu
486 4179 582 4254 capta
613 4173 722 4236 habet.
756 4172 850 4235 Prior
878 4171 1086 4255 autemejus
1110 4171 1281 4254 expositio,
1305 4189 1389 4252 quae

268 4299 374 4381 capite
404 4304 520 4362 octavo
551 4297 752 4376 continetur,
784 4317 864 4360 vera
894 4315 962 4360 esse
987 4316 1052 4360 non
1077 4302 1193 4378 potest,
1218 4292 1389 4378 propterea
