3360 5228
812 561 852 625 67

758 865 898 932 XXVII.

318 1060 392 1124 Liv.
414 1059 440 1137 Ι,
465 1059 517 1137 34,
545 1058 582 1121 d:

318 1187 427 1250 Roma
451 1191 499 1249 est
522 1184 563 1247 ad
586 1184 620 1246 id
642 1183 850 1266 potissimum
876 1182 958 1246 visa.

318 1312 420 1393 Lege:
445 1310 551 1374 Roma
573 1310 604 1372 ei
628 1309 670 1372 ad
695 1309 728 1371 id
750 1314 827 1391 apta
850 1308 1058 1390 potissimum
1081 1307 1162 1370 visa.

754 1516 913 1618 XXVIII.

319 1707 392 1771 Liv.
416 1707 477 1785 ΙΙΙ,
500 1708 551 1785 39,
579 1708 613 1769 l:

321 1836 384 1900 Sed
417 1835 520 1918 magis
550 1834 741 1899 obedienter
764 1840 900 1898 venturu
924 1835 958 1897 in
984 1834 1109 1898 curiam
1135 1839 1192 1912 est,
1215 1853 1315 1917 quarn
1340 1833 1393 1899 ob-

276 1963 373 2026 noxie
397 1961 500 2025 dictas
522 1961 701 2025 sententias
724 1961 919 2043 accepimus.
1261 1937 1262 1942 ἵ
1343 1937 1344 1944 ¹

320 2088 560 2170 Reponenduru
587 2087 737 2150 videtur:
763 2094 901 2150 ventum
923 2086 957 2148 in
981 2086 1107 2150 curiam
1132 2105 1209 2150 esse.

773 2294 893 2360 XXIX.

323 2508 497 2575 Contraria
523 2508 618 2572 modo
641 2512 810 2591 peccatum
834 2513 883 2570 est
903 2507 990 2590 apud
1014 2508 1155 2571 eundem
1179 2509 1220 2586 V,
1243 2507 1295 2586 48,
1323 2507 1360 2571 9:

321 2635 501 2718 auditaque
525 2633 734 2698 intoleranda
756 2634 917 2696 Romanis
942 2652 1004 2697 vox
1026 2652 1087 2696 vae
1113 2634 1207 2696 victis
1230 2651 1307 2698 esse.
1333 2677 1335 2684 -

319 2760 534 2825 Scribendum
559 2760 668 2824 eninr:
692 2760 869 2843 auditaque
891 2796 933 2806 -
958 2766 1013 2823 est.
1153 2741 1155 2748 ¹

786 2968 893 3035 XXX.

320 3161 393 3223 Liv.
416 3159 474 3237 IV,
501 3160 560 3223 17:

320 3285 438 3368 Itaque
472 3287 514 3350 ad
548 3306 660 3350 curam
696 3305 805 3351 rerum
836 3287 950 3370 quieta
981 3287 1074 3371 plebe
1112 3283 1394 3371 tribunisque

274 3414 309 3495 ej
321 3432 364 3475 us
389 3412 472 3475 nibil
497 3412 738 3476 controversiae
762 3413 833 3490 suit,
857 3413 938 3495 quin
962 3413 1110 3476 consules
1133 3415 1324 3476 crearentur
1350 3413 1394 3475 M.

274 3536 442 3620 Geganius
465 3538 649 3601 Macerinus
674 3538 809 3602 tertium
835 3543 867 3602 et
888 3535 926 3601 L.
951 3538 1084 3622 Sergius
1108 3538 1260 3602 Fidenas.

324 3662 453 3726 Scribe:
478 3664 686 3748 tribunisque
710 3665 779 3746 ejus
802 3665 894 3726 anni.

775 3859 897 3925 XXXI.

325 4047 396 4112 Liv.
419 4047 478 4126 IV,
504 4049 555 4126 32,
582 4049 618 4111 l:

321 4178 354 4236 et
371 4172 536 4257 justitium
562 4174 598 4236 in
620 4175 690 4238 foro
714 4175 936 4264 tabernaeque
959 4174 1101 4242 clausae.

322 4300 400 4364 Post
418 4300 645 4383 justitium
670 4301 790 4364 excidit
813 4302 1013 4366 vocabulum
1039 4301 1208 4365 indicto
1221 4324 1263 4366 ru.
