3360 5228
665 521 680 546 ’s

821 567 862 628 24

284 774 459 838 lectionem
482 775 652 839 Sintenisii
678 797 743 840 noo
767 777 903 840 omnino
923 776 1082 859 rejioiens,
1103 773 1223 838 Μινώιον
1234 795 1400 840 oornmen·

281 899 384 978 davit,
419 900 537 963 collato
562 901 669 964 Strab.
696 902 725 979 9,
749 921 780 984 p.
806 902 867 964 391
894 899 973 978 μετα
997 900 1029 964 δὲ
1052 898 1108 973 τοὶς
1130 900 1322 980 Σκειρωνίδας
1345 899 1397 964 πέ-

282 1047 352 1103 τρας
385 1020 460 1104 ἄκρα
492 1024 637 1104 πρόκειται
669 1025 780 1099 Μινώα,
813 1029 933 1090 ποιοῦσα
959 1026 1007 1092 τὸν
1034 1027 1063 1090 ε’ν
1086 1033 1123 1106 τῇ
1146 1025 1258 1108 Νισαία
1282 1025 1398 1104 λιμένα,

282 1171 368 1234 quae
393 1154 580 1234 conjectura
603 1172 640 1216 eo
665 1154 770 1236 magis
794 1151 962 1235 probanda
987 1153 1127 1231 videtur,
1152 1153 1240 1235 quod
1260 1154 1400 1218 vocabu·

282 1277 350 1340 lurn
376 1275 491 1350 Μινώα,
516 1277 600 1360 quod
625 1278 738 1360 paucis
762 1283 890 1341 tantum
917 1283 1033 1342 notum
1058 1282 1137 1355 erat,
1157 1277 1400 1342 faciliusinter·

285 1404 332 1467 irs
363 1403 471 1486 potuit
502 1423 603 1486 quarn
638 1401 761 1477 Nisum,
792 1424 915 1468 nomen
946 1404 1144 1468 nobilissimi
1170 1404 1263 1468 illius
1288 1410 1400 1487 portus

284 1531 375 1594 urbis
399 1531 560 1612 Megarae.

325 1794 374 1857 Ib.
407 1793 459 1857 16.
491 1790 755 1872 κατασκεψομένην
786 1795 843 1856 τῶν
873 1791 1027 1870 πολεμίων.
1051 1793 1166 1870 LoouS,
1189 1794 1401 1875 quemadmo·

282 1922 359 1984 dum
395 1939 484 1984 nune
514 1919 645 2002 legitur,
677 1938 775 1982 sanus
806 1938 964 1982 essenon
989 1922 1103 1999 potest,
1128 1937 1207 1981 narn
1231 1917 1328 2000 (quod
1353 1919 1402 1984 ita

283 2050 397 2110 notum
424 2050 471 2108 est
495 2049 531 2108 ut
555 2063 815 2108 commemorare
835 2063 939 2126 paene
960 2042 1120 2126 dubitem)
1134 2044 1310 2108 verborum
1324 2063 1398 2108 oum
1452 2092 1454 2098 .

288 2170 530 2254 praepositione
552 2192 633 2232 κοιτοι
656 2171 908 2253 compositorum
936 2190 974 2232 ea
999 2175 1130 2233 tantum
1155 2190 1230 2234 oum
1254 2172 1401 2253 genitivo

288 2300 545 2381 conjunguntur,
566 2297 600 2360 in
620 2297 740 2380 quibus
751 2297 950 2380 praepositio
962 2318 1043 2360 κατα
1058 2296 1156 2359 habet
1170 2297 1238 2358 vim
1251 2297 1400 2376 nouandi,

285 2423 450 2506 imprimis
482 2423 584 2486 verba
610 2423 787 2489 accusandi
818 2427 850 2485 et
881 2422 1133 2499 condemnandi,
1165 2426 1202 2485 ut
1232 2422 1401 2498 καταγελῶ,

283 2545 434 2624 καταβοῶ,
465 2549 625 2627 κατηγορῶ,
656 2545 920 2628 καταψηφίζομαι,
944 2546 1178 2624 καταγιγνώσκω
1202 2548 1401 2630 similiaque.

282 2674 332 2736 Ea
349 2679 460 2736 auteur
479 2673 676 2756 significatio
698 2693 717 2735 a
738 2678 848 2736 nostro
870 2673 939 2737 loou
952 2692 1082 2755 prorsus
1095 2673 1259 2736 abhorret.
1274 2673 1398 2736 Verum

285 2801 367 2862 milri
390 2801 569 2882 repperisse
595 2800 727 2862 videtur·
749 2800 910 2880 Bryanus,
935 2799 1002 2881 qui,
1028 2798 1108 2861 duas
1133 2803 1264 2862 tantum
1288 2798 1401 2862 literas

283 2926 439 3001 inserens,
474 2923 521 2987 ita
556 2925 687 2989 scribit:
721 2921 986 3003 κατασκεψομένην
1017 2922 1065 2987 τοὶ
1097 2927 1152 2987 τῶν
1177 2919 1338 3001 πολεμίωνι
1363 2925 1404 2986 ad

283 3050 518 3132 speculandum
544 3050 623 3133 quid
650 3051 754 3114 hostes
779 3056 923 3134 agerent.
949 3049 1120 3134 Optimam
1146 3052 1271 3133 Bryani
1296 3071 1404 3115 ernen-

284 3176 450 3240 dationem
486 3177 625 3259 cognovi
657 3196 697 3240 ex
728 3177 873 3241 editione
904 3177 1085 3255 Sintenisii,
1116 3178 1175 3260 qui
1200 3189 1310 3243 tamen
1336 3178 1405 3260 ipse

286 3303 456 3384 vulgatam
481 3303 610 3366 retinet.
636 3300 729 3382 (ρεταιν
752 3303 917 3385 quomodo
941 3303 1072 3366 defendi
1096 3303 1206 3385 possit,
1232 3304 1314 3365 mibi
1339 3303 1400 3366 sal·

286 3434 349 3492 tem
388 3448 453 3492 non
486 3428 601 3510 liquet.
633 3428 758 3492 Eodem
791 3427 886 3490 modo
911 3429 1091 3490 κατασκοπῶ
1115 3448 1189 3492 oum
1214 3429 1400 3491 accusativo

285 3555 499 3636 conjunctum
533 3557 581 3616 est
611 3553 699 3634 apud
727 3551 909 3633 Polybium
941 3553 984 3626 X,
1010 3554 1061 3629 32,
1087 3555 1123 3614 2:
1146 3548 1405 3631 κατασκεψόμενον

284 3676 351 3750 τοὺς
374 3675 505 3749 τόσσας..

328 3924 376 3987 Ib.
402 3924 452 3985 23.
478 3925 549 3994 ναῦς
572 3921 629 4002 γοέρ
653 3945 697 3994 τις
721 3921 844 3994 Ἀττικέρ
866 3921 1020 4002 προσέπλει
1040 3931 1133 4004 σιωπῇ
1154 3924 1198 3987 τὸν
1211 3926 1328 4004 πρῶτον,
1343 3918 1407 3988 εἶτα

278 4057 399 4130 Ικραυγῇ
424 4047 473 4113 καὶ
497 4049 671 4129 ἀλαλαγμῷ
695 4048 930 4131 προσφερομένων
954 4044 992 4122 εἷς
1015 4049 1084 4124 atriu
1104 4049 1221 4124 ένοπλος
1241 4048 1405 4130 ἐξαλλόμε-

287 4199 331 4248 νος
362 4173 442 4252 μετὰ
472 4173 544 4252 βοῆς
568 4172 620 4239 tto
645 4175 712 4256 πρὸς
736 4173 819 4255 οέκρον
843 4176 875 4239 τὸ
898 4174 1046 4257 Σκιροὶδιον
1070 4177 1102 4240 έκ
1126 4183 1182 4254 γῆς
1206 4176 1405 4259 προσφερομέ-

288 4326 350 4374 νοις.
377 4301 520 4366 Cobotus
551 4302 586 4370 in
611 4303 733 4368 Mnern.
757 4301 841 4367 Nov.
867 4302 1035 4368 Ser.r.Vol.
1060 4303 1106 4366 VI
1130 4323 1160 4386 p.
1186 4304 1310 4382 133;.,‚
1320 4305 1405 4388 Lege
